browser_codename,browser_name,browser_version,condition,congruence,correct,counterbalance,date_startdate,date_startdateUTC,date_starttime,experiment_debug,experiment_parameters,experiment_pilot,experiment_taskname,experiment_taskversion,jatosStudyResultId,jatosVersion,prime,queryParams_batchId,queryParams_generalMultiple,response_time,screen_availableHeight,screen_availableWidth,screen_colorDepth,screen_height,screen_pixelDepth,screen_screenX,screen_screenY,screen_width,soa_condition,system_os,target,time_mask1,time_mask2,time_prime
Mozilla,Netscape,"5.0 (Macintosh; Intel Mac OS X 10_15_7) AppleWebKit/605.1.15 (KHTML, like Gecko) Version/16.1 Safari/605.1.15",practice,practice,1,None,04-10-22,04-10-22,06:14:54,0,0,0,0,0,794,3.6.1,iweonf,240,,967,802,1440,24,900,24,34,29,1440,practice,MacIntel,BOAT,203022,203119,203070
Mozilla,Netscape,"5.0 (Macintosh; Intel Mac OS X 10_15_7) AppleWebKit/605.1.15 (KHTML, like Gecko) Version/16.1 Safari/605.1.15",practice,practice,1,None,04-10-22,04-10-22,06:14:54,0,0,0,0,0,794,3.6.1,nvoiuh,240,,991,802,1440,24,900,24,34,29,1440,practice,MacIntel,HOUSE,204719,204820,204770
Mozilla,Netscape,"5.0 (Macintosh; Intel Mac OS X 10_15_7) AppleWebKit/605.1.15 (KHTML, like Gecko) Version/16.1 Safari/605.1.15",practice,practice,1,None,04-10-22,04-10-22,06:14:54,0,0,0,0,0,794,3.6.1,snjghf,240,,855,802,1440,24,900,24,34,29,1440,practice,MacIntel,SHEEP,206436,206536,206487
Mozilla,Netscape,"5.0 (Macintosh; Intel Mac OS X 10_15_7) AppleWebKit/605.1.15 (KHTML, like Gecko) Version/16.1 Safari/605.1.15",practice,practice,1,None,04-10-22,04-10-22,06:14:54,0,0,0,0,0,794,3.6.1,abjdhjs,240,,868,802,1440,24,900,24,34,29,1440,practice,MacIntel,HORSE,208021,208120,208070
Mozilla,Netscape,"5.0 (Macintosh; Intel Mac OS X 10_15_7) AppleWebKit/605.1.15 (KHTML, like Gecko) Version/16.1 Safari/605.1.15",Inc_Nat_Synth,incongruent,1,A,04-10-22,04-10-22,06:14:54,0,0,0,0,0,794,3.6.1,peach,240,,1207,802,1440,24,900,24,34,29,1440,short,MacIntel,SHED,220405,220503,220453
Mozilla,Netscape,"5.0 (Macintosh; Intel Mac OS X 10_15_7) AppleWebKit/605.1.15 (KHTML, like Gecko) Version/16.1 Safari/605.1.15",Inc_Nat_Synth,incongruent,1,A,04-10-22,04-10-22,06:14:54,0,0,0,0,0,794,3.6.1,crow,240,,893,802,1440,24,900,24,34,29,1440,short,MacIntel,YACHT,222337,222435,222386
Mozilla,Netscape,"5.0 (Macintosh; Intel Mac OS X 10_15_7) AppleWebKit/605.1.15 (KHTML, like Gecko) Version/16.1 Safari/605.1.15",Con_Synth,congruent,1,A,04-10-22,04-10-22,06:14:54,0,0,0,0,0,794,3.6.1,bread,240,,959,802,1440,24,900,24,34,29,1440,short,MacIntel,BREAD,223953,224052,224003
Mozilla,Netscape,"5.0 (Macintosh; Intel Mac OS X 10_15_7) AppleWebKit/605.1.15 (KHTML, like Gecko) Version/16.1 Safari/605.1.15",Con_Nat,congruent,1,A,04-10-22,04-10-22,06:14:54,0,0,0,0,0,794,3.6.1,daisy,240,,947,802,1440,24,900,24,34,29,1440,short,MacIntel,DAISY,225637,225735,225686
Mozilla,Netscape,"5.0 (Macintosh; Intel Mac OS X 10_15_7) AppleWebKit/605.1.15 (KHTML, like Gecko) Version/16.1 Safari/605.1.15",Inc_Nat_Synth,incongruent,1,A,04-10-22,04-10-22,06:14:54,0,0,0,0,0,794,3.6.1,camel,240,,816,802,1440,24,900,24,34,29,1440,short,MacIntel,BENCH,227319,227419,227369
Mozilla,Netscape,"5.0 (Macintosh; Intel Mac OS X 10_15_7) AppleWebKit/605.1.15 (KHTML, like Gecko) Version/16.1 Safari/605.1.15",Con_Nat,congruent,1,A,04-10-22,04-10-22,06:14:54,0,0,0,0,0,794,3.6.1,whale,240,,810,802,1440,24,900,24,34,29,1440,short,MacIntel,WHALE,228870,228969,228919
Mozilla,Netscape,"5.0 (Macintosh; Intel Mac OS X 10_15_7) AppleWebKit/605.1.15 (KHTML, like Gecko) Version/16.1 Safari/605.1.15",Inc_Nat_Nat,incongruent,1,A,04-10-22,04-10-22,06:14:54,0,0,0,0,0,794,3.6.1,fern,240,,1541,802,1440,24,900,24,34,29,1440,short,MacIntel,PETAL,230402,230502,230452
Mozilla,Netscape,"5.0 (Macintosh; Intel Mac OS X 10_15_7) AppleWebKit/605.1.15 (KHTML, like Gecko) Version/16.1 Safari/605.1.15",Con_Nat,congruent,1,A,04-10-22,04-10-22,06:14:54,0,0,0,0,0,794,3.6.1,cave,240,,1110,802,1440,24,900,24,34,29,1440,short,MacIntel,CAVE,232670,232769,232719
Mozilla,Netscape,"5.0 (Macintosh; Intel Mac OS X 10_15_7) AppleWebKit/605.1.15 (KHTML, like Gecko) Version/16.1 Safari/605.1.15",Con_Synth,congruent,1,A,04-10-22,04-10-22,06:14:54,0,0,0,0,0,794,3.6.1,belt,240,,1877,802,1440,24,900,24,34,29,1440,short,MacIntel,BELT,234502,234602,234553
Mozilla,Netscape,"5.0 (Macintosh; Intel Mac OS X 10_15_7) AppleWebKit/605.1.15 (KHTML, like Gecko) Version/16.1 Safari/605.1.15",Con_Synth,congruent,1,A,04-10-22,04-10-22,06:14:54,0,0,0,0,0,794,3.6.1,toast,240,,1156,802,1440,24,900,24,34,29,1440,short,MacIntel,TOAST,237103,237202,237151
Mozilla,Netscape,"5.0 (Macintosh; Intel Mac OS X 10_15_7) AppleWebKit/605.1.15 (KHTML, like Gecko) Version/16.1 Safari/605.1.15",Inc_Nat_Synth,incongruent,1,A,04-10-22,04-10-22,06:14:54,0,0,0,0,0,794,3.6.1,melon,240,,1462,802,1440,24,900,24,34,29,1440,short,MacIntel,HOSE,238985,239085,239036
Mozilla,Netscape,"5.0 (Macintosh; Intel Mac OS X 10_15_7) AppleWebKit/605.1.15 (KHTML, like Gecko) Version/16.1 Safari/605.1.15",Con_Synth,congruent,1,A,04-10-22,04-10-22,06:14:54,0,0,0,0,0,794,3.6.1,doll,240,,939,802,1440,24,900,24,34,29,1440,short,MacIntel,DOLL,241170,241268,241218
Mozilla,Netscape,"5.0 (Macintosh; Intel Mac OS X 10_15_7) AppleWebKit/605.1.15 (KHTML, like Gecko) Version/16.1 Safari/605.1.15",Inc_Nat_Synth,incongruent,1,A,04-10-22,04-10-22,06:14:54,0,0,0,0,0,794,3.6.1,mice,240,,1093,802,1440,24,900,24,34,29,1440,short,MacIntel,TOOLS,242836,242935,242886
Mozilla,Netscape,"5.0 (Macintosh; Intel Mac OS X 10_15_7) AppleWebKit/605.1.15 (KHTML, like Gecko) Version/16.1 Safari/605.1.15",Inc_Synth_Nat,incongruent,0,A,04-10-22,04-10-22,06:14:54,0,0,0,0,0,794,3.6.1,spear,240,,1602,802,1440,24,900,24,34,29,1440,short,MacIntel,MOTH,244653,244752,244702
Mozilla,Netscape,"5.0 (Macintosh; Intel Mac OS X 10_15_7) AppleWebKit/605.1.15 (KHTML, like Gecko) Version/16.1 Safari/605.1.15",Inc_Synth_Nat,incongruent,1,A,04-10-22,04-10-22,06:14:54,0,0,0,0,0,794,3.6.1,sewer,240,,978,802,1440,24,900,24,34,29,1440,short,MacIntel,CORAL,246986,247085,247036
Mozilla,Netscape,"5.0 (Macintosh; Intel Mac OS X 10_15_7) AppleWebKit/605.1.15 (KHTML, like Gecko) Version/16.1 Safari/605.1.15",Con_Synth,congruent,1,A,04-10-22,04-10-22,06:14:54,0,0,0,0,0,794,3.6.1,tank,240,,1150,802,1440,24,900,24,34,29,1440,short,MacIntel,TANK,248687,248785,248735
Mozilla,Netscape,"5.0 (Macintosh; Intel Mac OS X 10_15_7) AppleWebKit/605.1.15 (KHTML, like Gecko) Version/16.1 Safari/605.1.15",Inc_Synth_Synth,incongruent,0,A,04-10-22,04-10-22,06:14:54,0,0,0,0,0,794,3.6.1,kiosk,240,,832,802,1440,24,900,24,34,29,1440,short,MacIntel,SOFA,250569,250667,250618
Mozilla,Netscape,"5.0 (Macintosh; Intel Mac OS X 10_15_7) AppleWebKit/605.1.15 (KHTML, like Gecko) Version/16.1 Safari/605.1.15",Con_Synth,congruent,1,A,04-10-22,04-10-22,06:14:54,0,0,0,0,0,794,3.6.1,coat,240,,925,802,1440,24,900,24,34,29,1440,short,MacIntel,COAT,252136,252235,252184
Mozilla,Netscape,"5.0 (Macintosh; Intel Mac OS X 10_15_7) AppleWebKit/605.1.15 (KHTML, like Gecko) Version/16.1 Safari/605.1.15",Inc_Synth_Synth,incongruent,0,A,04-10-22,04-10-22,06:14:54,0,0,0,0,0,794,3.6.1,spade,240,,1011,802,1440,24,900,24,34,29,1440,short,MacIntel,SHELF,253785,253885,253835
Mozilla,Netscape,"5.0 (Macintosh; Intel Mac OS X 10_15_7) AppleWebKit/605.1.15 (KHTML, like Gecko) Version/16.1 Safari/605.1.15",Con_Nat,congruent,1,A,04-10-22,04-10-22,06:14:54,0,0,0,0,0,794,3.6.1,corn,240,,973,802,1440,24,900,24,34,29,1440,short,MacIntel,CORN,255519,255618,255568
Mozilla,Netscape,"5.0 (Macintosh; Intel Mac OS X 10_15_7) AppleWebKit/605.1.15 (KHTML, like Gecko) Version/16.1 Safari/605.1.15",Con_Nat,congruent,1,A,04-10-22,04-10-22,06:14:54,0,0,0,0,0,794,3.6.1,goose,240,,992,802,1440,24,900,24,34,29,1440,short,MacIntel,GOOSE,257218,257318,257269
Mozilla,Netscape,"5.0 (Macintosh; Intel Mac OS X 10_15_7) AppleWebKit/605.1.15 (KHTML, like Gecko) Version/16.1 Safari/605.1.15",Con_Nat,congruent,0,A,04-10-22,04-10-22,06:14:54,0,0,0,0,0,794,3.6.1,hawk,240,,1374,802,1440,24,900,24,34,29,1440,short,MacIntel,HAWK,258936,259034,258985
Mozilla,Netscape,"5.0 (Macintosh; Intel Mac OS X 10_15_7) AppleWebKit/605.1.15 (KHTML, like Gecko) Version/16.1 Safari/605.1.15",Con_Synth,congruent,1,A,04-10-22,04-10-22,06:14:54,0,0,0,0,0,794,3.6.1,tower,240,,831,802,1440,24,900,24,34,29,1440,short,MacIntel,TOWER,261035,261134,261085
Mozilla,Netscape,"5.0 (Macintosh; Intel Mac OS X 10_15_7) AppleWebKit/605.1.15 (KHTML, like Gecko) Version/16.1 Safari/605.1.15",Inc_Nat_Synth,incongruent,1,A,04-10-22,04-10-22,06:14:54,0,0,0,0,0,794,3.6.1,toad,240,,855,802,1440,24,900,24,34,29,1440,short,MacIntel,GLOVE,262586,262684,262635
Mozilla,Netscape,"5.0 (Macintosh; Intel Mac OS X 10_15_7) AppleWebKit/605.1.15 (KHTML, like Gecko) Version/16.1 Safari/605.1.15",Con_Synth,congruent,1,A,04-10-22,04-10-22,06:14:54,0,0,0,0,0,794,3.6.1,bike,240,,847,802,1440,24,900,24,34,29,1440,short,MacIntel,BIKE,264168,264268,264218
Mozilla,Netscape,"5.0 (Macintosh; Intel Mac OS X 10_15_7) AppleWebKit/605.1.15 (KHTML, like Gecko) Version/16.1 Safari/605.1.15",Inc_Nat_Synth,incongruent,1,A,04-10-22,04-10-22,06:14:54,0,0,0,0,0,794,3.6.1,water,240,,1226,802,1440,24,900,24,34,29,1440,short,MacIntel,MEDAL,265752,265851,265802
Mozilla,Netscape,"5.0 (Macintosh; Intel Mac OS X 10_15_7) AppleWebKit/605.1.15 (KHTML, like Gecko) Version/16.1 Safari/605.1.15",Con_Nat,congruent,1,A,04-10-22,04-10-22,06:14:54,0,0,0,0,0,794,3.6.1,deer,240,,891,802,1440,24,900,24,34,29,1440,short,MacIntel,DEER,267700,267801,267751
Mozilla,Netscape,"5.0 (Macintosh; Intel Mac OS X 10_15_7) AppleWebKit/605.1.15 (KHTML, like Gecko) Version/16.1 Safari/605.1.15",Con_Nat,congruent,1,A,04-10-22,04-10-22,06:14:54,0,0,0,0,0,794,3.6.1,soil,240,,1148,802,1440,24,900,24,34,29,1440,short,MacIntel,SOIL,269319,269418,269368
Mozilla,Netscape,"5.0 (Macintosh; Intel Mac OS X 10_15_7) AppleWebKit/605.1.15 (KHTML, like Gecko) Version/16.1 Safari/605.1.15",Con_Synth,congruent,1,A,04-10-22,04-10-22,06:14:54,0,0,0,0,0,794,3.6.1,gate,240,,1003,802,1440,24,900,24,34,29,1440,short,MacIntel,GATE,271200,271301,271251
Mozilla,Netscape,"5.0 (Macintosh; Intel Mac OS X 10_15_7) AppleWebKit/605.1.15 (KHTML, like Gecko) Version/16.1 Safari/605.1.15",Inc_Nat_Nat,incongruent,0,A,04-10-22,04-10-22,06:14:54,0,0,0,0,0,794,3.6.1,grape,240,,1049,802,1440,24,900,24,34,29,1440,short,MacIntel,LLAMA,272935,273035,272984
Mozilla,Netscape,"5.0 (Macintosh; Intel Mac OS X 10_15_7) AppleWebKit/605.1.15 (KHTML, like Gecko) Version/16.1 Safari/605.1.15",Con_Nat,congruent,1,A,04-10-22,04-10-22,06:14:54,0,0,0,0,0,794,3.6.1,seed,240,,1099,802,1440,24,900,24,34,29,1440,short,MacIntel,SEED,274717,274816,274768
Mozilla,Netscape,"5.0 (Macintosh; Intel Mac OS X 10_15_7) AppleWebKit/605.1.15 (KHTML, like Gecko) Version/16.1 Safari/605.1.15",Inc_Synth_Nat,incongruent,0,A,04-10-22,04-10-22,06:14:54,0,0,0,0,0,794,3.6.1,rake,240,,1150,802,1440,24,900,24,34,29,1440,short,MacIntel,HUSKY,276551,276650,276600
Mozilla,Netscape,"5.0 (Macintosh; Intel Mac OS X 10_15_7) AppleWebKit/605.1.15 (KHTML, like Gecko) Version/16.1 Safari/605.1.15",Nat_Nat_Synth,incongruent,1,A,04-10-22,04-10-22,06:14:54,0,0,0,0,0,794,3.6.1,finch,240,,1964,802,1440,24,900,24,34,29,1440,short,MacIntel,SLOTH,278434,278534,278485
Mozilla,Netscape,"5.0 (Macintosh; Intel Mac OS X 10_15_7) AppleWebKit/605.1.15 (KHTML, like Gecko) Version/16.1 Safari/605.1.15",Con_Nat,congruent,1,A,04-10-22,04-10-22,06:14:54,0,0,0,0,0,794,3.6.1,puppy,240,,1295,802,1440,24,900,24,34,29,1440,short,MacIntel,PUPPY,281135,281234,281184
Mozilla,Netscape,"5.0 (Macintosh; Intel Mac OS X 10_15_7) AppleWebKit/605.1.15 (KHTML, like Gecko) Version/16.1 Safari/605.1.15",Inc_Synth_Synth,incongruent,0,A,04-10-22,04-10-22,06:14:54,0,0,0,0,0,794,3.6.1,wharf,240,,920,802,1440,24,900,24,34,29,1440,short,MacIntel,RAZOR,283151,283250,283201
Mozilla,Netscape,"5.0 (Macintosh; Intel Mac OS X 10_15_7) AppleWebKit/605.1.15 (KHTML, like Gecko) Version/16.1 Safari/605.1.15",Inc_Nat_Synth,incongruent,1,A,04-10-22,04-10-22,06:14:54,0,0,0,0,0,794,3.6.1,leaf,240,,1152,802,1440,24,900,24,34,29,1440,short,MacIntel,COIN,284802,284901,284851
Mozilla,Netscape,"5.0 (Macintosh; Intel Mac OS X 10_15_7) AppleWebKit/605.1.15 (KHTML, like Gecko) Version/16.1 Safari/605.1.15",Con_Nat,congruent,0,A,04-10-22,04-10-22,06:14:54,0,0,0,0,0,794,3.6.1,worm,240,,1006,802,1440,24,900,24,34,29,1440,short,MacIntel,WORM,286684,286784,286734
Mozilla,Netscape,"5.0 (Macintosh; Intel Mac OS X 10_15_7) AppleWebKit/605.1.15 (KHTML, like Gecko) Version/16.1 Safari/605.1.15",Inc_Synth_Synth,incongruent,0,A,04-10-22,04-10-22,06:14:54,0,0,0,0,0,794,3.6.1,ladle,240,,1041,802,1440,24,900,24,34,29,1440,short,MacIntel,CAFÉ,288435,288534,288484
Mozilla,Netscape,"5.0 (Macintosh; Intel Mac OS X 10_15_7) AppleWebKit/605.1.15 (KHTML, like Gecko) Version/16.1 Safari/605.1.15",Con_Synth,congruent,1,A,04-10-22,04-10-22,06:14:54,0,0,0,0,0,794,3.6.1,paint,240,,1955,802,1440,24,900,24,34,29,1440,short,MacIntel,PAINT,290201,290301,290251
Mozilla,Netscape,"5.0 (Macintosh; Intel Mac OS X 10_15_7) AppleWebKit/605.1.15 (KHTML, like Gecko) Version/16.1 Safari/605.1.15",Con_Synth,congruent,1,A,04-10-22,04-10-22,06:14:54,0,0,0,0,0,794,3.6.1,rope,240,,980,802,1440,24,900,24,34,29,1440,short,MacIntel,ROPE,292885,292984,292934
Mozilla,Netscape,"5.0 (Macintosh; Intel Mac OS X 10_15_7) AppleWebKit/605.1.15 (KHTML, like Gecko) Version/16.1 Safari/605.1.15",Inc_Synth_Nat,incongruent,0,A,04-10-22,04-10-22,06:14:54,0,0,0,0,0,794,3.6.1,ruler,240,,1719,802,1440,24,900,24,34,29,1440,short,MacIntel,PANSY,294601,294701,294650
Mozilla,Netscape,"5.0 (Macintosh; Intel Mac OS X 10_15_7) AppleWebKit/605.1.15 (KHTML, like Gecko) Version/16.1 Safari/605.1.15",Inc_Nat_Nat,incongruent,1,A,04-10-22,04-10-22,06:14:54,0,0,0,0,0,794,3.6.1,lime,240,,1055,802,1440,24,900,24,34,29,1440,short,MacIntel,GULLY,297051,297150,297100
Mozilla,Netscape,"5.0 (Macintosh; Intel Mac OS X 10_15_7) AppleWebKit/605.1.15 (KHTML, like Gecko) Version/16.1 Safari/605.1.15",Con_Nat,congruent,1,A,04-10-22,04-10-22,06:14:54,0,0,0,0,0,794,3.6.1,grass,240,,1020,802,1440,24,900,24,34,29,1440,short,MacIntel,GRASS,298834,298934,298884
Mozilla,Netscape,"5.0 (Macintosh; Intel Mac OS X 10_15_7) AppleWebKit/605.1.15 (KHTML, like Gecko) Version/16.1 Safari/605.1.15",Inc_Synth_Nat,incongruent,0,A,04-10-22,04-10-22,06:14:54,0,0,0,0,0,794,3.6.1,arena,240,,1542,802,1440,24,900,24,34,29,1440,short,MacIntel,VINE,300585,300684,300634
Mozilla,Netscape,"5.0 (Macintosh; Intel Mac OS X 10_15_7) AppleWebKit/605.1.15 (KHTML, like Gecko) Version/16.1 Safari/605.1.15",Inc_Synth_Synth,incongruent,0,A,04-10-22,04-10-22,06:14:54,0,0,0,0,0,794,3.6.1,sash,240,,996,802,1440,24,900,24,34,29,1440,short,MacIntel,CLOTH,302851,302950,302900
Mozilla,Netscape,"5.0 (Macintosh; Intel Mac OS X 10_15_7) AppleWebKit/605.1.15 (KHTML, like Gecko) Version/16.1 Safari/605.1.15",Inc_Synth_Nat,incongruent,1,A,04-10-22,04-10-22,06:14:54,0,0,0,0,0,794,3.6.1,torch,240,,911,802,1440,24,900,24,34,29,1440,short,MacIntel,CHIMP,304568,304667,304617
Mozilla,Netscape,"5.0 (Macintosh; Intel Mac OS X 10_15_7) AppleWebKit/605.1.15 (KHTML, like Gecko) Version/16.1 Safari/605.1.15",Inc_Synth_Synth,incongruent,0,A,04-10-22,04-10-22,06:14:54,0,0,0,0,0,794,3.6.1,patio,240,,828,802,1440,24,900,24,34,29,1440,short,MacIntel,SPOON,306200,306300,306251
Mozilla,Netscape,"5.0 (Macintosh; Intel Mac OS X 10_15_7) AppleWebKit/605.1.15 (KHTML, like Gecko) Version/16.1 Safari/605.1.15",Inc_Synth_Nat,incongruent,1,A,04-10-22,04-10-22,06:14:54,0,0,0,0,0,794,3.6.1,rail,240,,991,802,1440,24,900,24,34,29,1440,short,MacIntel,SQUID,307751,307850,307800
Mozilla,Netscape,"5.0 (Macintosh; Intel Mac OS X 10_15_7) AppleWebKit/605.1.15 (KHTML, like Gecko) Version/16.1 Safari/605.1.15",Con_Synth,congruent,1,A,04-10-22,04-10-22,06:14:54,0,0,0,0,0,794,3.6.1,drug,240,,957,802,1440,24,900,24,34,29,1440,short,MacIntel,DRUG,309467,309566,309518
Mozilla,Netscape,"5.0 (Macintosh; Intel Mac OS X 10_15_7) AppleWebKit/605.1.15 (KHTML, like Gecko) Version/16.1 Safari/605.1.15",Con_Nat,congruent,1,A,04-10-22,04-10-22,06:14:54,0,0,0,0,0,794,3.6.1,tiger,240,,837,802,1440,24,900,24,34,29,1440,short,MacIntel,TIGER,311151,311250,311200
Mozilla,Netscape,"5.0 (Macintosh; Intel Mac OS X 10_15_7) AppleWebKit/605.1.15 (KHTML, like Gecko) Version/16.1 Safari/605.1.15",Con_Synth,congruent,1,A,04-10-22,04-10-22,06:14:54,0,0,0,0,0,794,3.6.1,sword,240,,1411,802,1440,24,900,24,34,29,1440,short,MacIntel,SWORD,312717,312817,312768
Mozilla,Netscape,"5.0 (Macintosh; Intel Mac OS X 10_15_7) AppleWebKit/605.1.15 (KHTML, like Gecko) Version/16.1 Safari/605.1.15",Con_Synth,congruent,1,A,04-10-22,04-10-22,06:14:54,0,0,0,0,0,794,3.6.1,mail,240,,1062,802,1440,24,900,24,34,29,1440,short,MacIntel,MAIL,314851,314950,314900
Mozilla,Netscape,"5.0 (Macintosh; Intel Mac OS X 10_15_7) AppleWebKit/605.1.15 (KHTML, like Gecko) Version/16.1 Safari/605.1.15",Con_Nat,congruent,1,A,04-10-22,04-10-22,06:14:54,0,0,0,0,0,794,3.6.1,frog,240,,797,802,1440,24,900,24,34,29,1440,short,MacIntel,FROG,316634,316733,316684
Mozilla,Netscape,"5.0 (Macintosh; Intel Mac OS X 10_15_7) AppleWebKit/605.1.15 (KHTML, like Gecko) Version/16.1 Safari/605.1.15",Inc_Synth_Nat,incongruent,1,A,04-10-22,04-10-22,06:14:54,0,0,0,0,0,794,3.6.1,harp,240,,929,802,1440,24,900,24,34,29,1440,short,MacIntel,SNAIL,318151,318249,318200
Mozilla,Netscape,"5.0 (Macintosh; Intel Mac OS X 10_15_7) AppleWebKit/605.1.15 (KHTML, like Gecko) Version/16.1 Safari/605.1.15",Inc_Nat_Nat,incongruent,0,A,04-10-22,04-10-22,06:14:54,0,0,0,0,0,794,3.6.1,berry,240,,994,802,1440,24,900,24,34,29,1440,short,MacIntel,OTTER,319800,319899,319851
Mozilla,Netscape,"5.0 (Macintosh; Intel Mac OS X 10_15_7) AppleWebKit/605.1.15 (KHTML, like Gecko) Version/16.1 Safari/605.1.15",Con_Nat,congruent,1,A,04-10-22,04-10-22,06:14:54,0,0,0,0,0,794,3.6.1,creek,240,,969,802,1440,24,900,24,34,29,1440,short,MacIntel,CREEK,321518,321617,321567
Mozilla,Netscape,"5.0 (Macintosh; Intel Mac OS X 10_15_7) AppleWebKit/605.1.15 (KHTML, like Gecko) Version/16.1 Safari/605.1.15",Inc_Nat_Nat,incongruent,1,A,04-10-22,04-10-22,06:14:54,0,0,0,0,0,794,3.6.1,cobra,240,,1128,802,1440,24,900,24,34,29,1440,short,MacIntel,TWIG,323217,323316,323267
Mozilla,Netscape,"5.0 (Macintosh; Intel Mac OS X 10_15_7) AppleWebKit/605.1.15 (KHTML, like Gecko) Version/16.1 Safari/605.1.15",Inc_Nat_Nat,incongruent,0,A,04-10-22,04-10-22,06:14:54,0,0,0,0,0,794,3.6.1,poppy,240,,1112,802,1440,24,900,24,34,29,1440,short,MacIntel,DINGO,325068,325166,325117
Mozilla,Netscape,"5.0 (Macintosh; Intel Mac OS X 10_15_7) AppleWebKit/605.1.15 (KHTML, like Gecko) Version/16.1 Safari/605.1.15",Con_Synth,congruent,1,A,04-10-22,04-10-22,06:14:54,0,0,0,0,0,794,3.6.1,cable,240,,1356,802,1440,24,900,24,34,29,1440,short,MacIntel,CABLE,326900,327000,326950
Mozilla,Netscape,"5.0 (Macintosh; Intel Mac OS X 10_15_7) AppleWebKit/605.1.15 (KHTML, like Gecko) Version/16.1 Safari/605.1.15",Inc_Synth_Synth,incongruent,0,A,04-10-22,04-10-22,06:14:54,0,0,0,0,0,794,3.6.1,silo,240,,1067,802,1440,24,900,24,34,29,1440,short,MacIntel,PLAZA,328984,329083,329033
Mozilla,Netscape,"5.0 (Macintosh; Intel Mac OS X 10_15_7) AppleWebKit/605.1.15 (KHTML, like Gecko) Version/16.1 Safari/605.1.15",Con_Nat,congruent,0,A,04-10-22,04-10-22,06:14:54,0,0,0,0,0,794,3.6.1,boar,240,,869,802,1440,24,900,24,34,29,1440,long,MacIntel,BOAR,328984,336300,336251
Mozilla,Netscape,"5.0 (Macintosh; Intel Mac OS X 10_15_7) AppleWebKit/605.1.15 (KHTML, like Gecko) Version/16.1 Safari/605.1.15",Con_Nat,congruent,1,A,04-10-22,04-10-22,06:14:54,0,0,0,0,0,794,3.6.1,reef,240,,859,802,1440,24,900,24,34,29,1440,long,MacIntel,REEF,328984,337933,337883
Mozilla,Netscape,"5.0 (Macintosh; Intel Mac OS X 10_15_7) AppleWebKit/605.1.15 (KHTML, like Gecko) Version/16.1 Safari/605.1.15",Inc_Nat_Synth,incongruent,1,A,04-10-22,04-10-22,06:14:54,0,0,0,0,0,794,3.6.1,wheat,240,,877,802,1440,24,900,24,34,29,1440,long,MacIntel,BRICK,328984,339550,339500
Mozilla,Netscape,"5.0 (Macintosh; Intel Mac OS X 10_15_7) AppleWebKit/605.1.15 (KHTML, like Gecko) Version/16.1 Safari/605.1.15",Inc_Nat_Synth,incongruent,1,A,04-10-22,04-10-22,06:14:54,0,0,0,0,0,794,3.6.1,flood,240,,946,802,1440,24,900,24,34,29,1440,long,MacIntel,SKIRT,328984,341183,341134
Mozilla,Netscape,"5.0 (Macintosh; Intel Mac OS X 10_15_7) AppleWebKit/605.1.15 (KHTML, like Gecko) Version/16.1 Safari/605.1.15",Con_Synth,congruent,1,A,04-10-22,04-10-22,06:14:54,0,0,0,0,0,794,3.6.1,jeans,240,,996,802,1440,24,900,24,34,29,1440,long,MacIntel,JEANS,328984,342883,342833
Mozilla,Netscape,"5.0 (Macintosh; Intel Mac OS X 10_15_7) AppleWebKit/605.1.15 (KHTML, like Gecko) Version/16.1 Safari/605.1.15",Inc_Synth_Nat,incongruent,1,A,04-10-22,04-10-22,06:14:54,0,0,0,0,0,794,3.6.1,fort,240,,747,802,1440,24,900,24,34,29,1440,long,MacIntel,GOAT,328984,344633,344584
Mozilla,Netscape,"5.0 (Macintosh; Intel Mac OS X 10_15_7) AppleWebKit/605.1.15 (KHTML, like Gecko) Version/16.1 Safari/605.1.15",Con_Synth,congruent,1,A,04-10-22,04-10-22,06:14:54,0,0,0,0,0,794,3.6.1,arrow,240,,1070,802,1440,24,900,24,34,29,1440,long,MacIntel,ARROW,328984,346149,346100
Mozilla,Netscape,"5.0 (Macintosh; Intel Mac OS X 10_15_7) AppleWebKit/605.1.15 (KHTML, like Gecko) Version/16.1 Safari/605.1.15",Con_Synth,congruent,1,A,04-10-22,04-10-22,06:14:54,0,0,0,0,0,794,3.6.1,canon,240,,1141,802,1440,24,900,24,34,29,1440,long,MacIntel,CANON,328984,347983,347934
Mozilla,Netscape,"5.0 (Macintosh; Intel Mac OS X 10_15_7) AppleWebKit/605.1.15 (KHTML, like Gecko) Version/16.1 Safari/605.1.15",Con_Nat,congruent,1,A,04-10-22,04-10-22,06:14:54,0,0,0,0,0,794,3.6.1,moss,240,,767,802,1440,24,900,24,34,29,1440,long,MacIntel,MOSS,328984,349883,349833
Mozilla,Netscape,"5.0 (Macintosh; Intel Mac OS X 10_15_7) AppleWebKit/605.1.15 (KHTML, like Gecko) Version/16.1 Safari/605.1.15",Inc_Nat_Synth,incongruent,1,A,04-10-22,04-10-22,06:14:54,0,0,0,0,0,794,3.6.1,olive,240,,866,802,1440,24,900,24,34,29,1440,long,MacIntel,MOTOR,328984,351416,351367
Mozilla,Netscape,"5.0 (Macintosh; Intel Mac OS X 10_15_7) AppleWebKit/605.1.15 (KHTML, like Gecko) Version/16.1 Safari/605.1.15",Con_Nat,congruent,0,A,04-10-22,04-10-22,06:14:54,0,0,0,0,0,794,3.6.1,stick,240,,1309,802,1440,24,900,24,34,29,1440,long,MacIntel,STICK,328984,353050,352999
Mozilla,Netscape,"5.0 (Macintosh; Intel Mac OS X 10_15_7) AppleWebKit/605.1.15 (KHTML, like Gecko) Version/16.1 Safari/605.1.15",Inc_Nat_Nat,incongruent,0,A,04-10-22,04-10-22,06:14:54,0,0,0,0,0,794,3.6.1,ocean,240,,853,802,1440,24,900,24,34,29,1440,long,MacIntel,TREE,328984,355116,355066
Mozilla,Netscape,"5.0 (Macintosh; Intel Mac OS X 10_15_7) AppleWebKit/605.1.15 (KHTML, like Gecko) Version/16.1 Safari/605.1.15",Con_Synth,congruent,1,A,04-10-22,04-10-22,06:14:54,0,0,0,0,0,794,3.6.1,flute,240,,837,802,1440,24,900,24,34,29,1440,long,MacIntel,FLUTE,328984,356733,356683
Mozilla,Netscape,"5.0 (Macintosh; Intel Mac OS X 10_15_7) AppleWebKit/605.1.15 (KHTML, like Gecko) Version/16.1 Safari/605.1.15",Con_Nat,congruent,1,A,04-10-22,04-10-22,06:14:54,0,0,0,0,0,794,3.6.1,hare,240,,1108,802,1440,24,900,24,34,29,1440,long,MacIntel,HARE,328984,358333,358283
Mozilla,Netscape,"5.0 (Macintosh; Intel Mac OS X 10_15_7) AppleWebKit/605.1.15 (KHTML, like Gecko) Version/16.1 Safari/605.1.15",Inc_Synth_Synth,incongruent,0,A,04-10-22,04-10-22,06:14:54,0,0,0,0,0,794,3.6.1,deck,240,,864,802,1440,24,900,24,34,29,1440,long,MacIntel,PLATE,328984,360199,360150
Mozilla,Netscape,"5.0 (Macintosh; Intel Mac OS X 10_15_7) AppleWebKit/605.1.15 (KHTML, like Gecko) Version/16.1 Safari/605.1.15",Con_Nat,congruent,1,A,04-10-22,04-10-22,06:14:54,0,0,0,0,0,794,3.6.1,stone,240,,832,802,1440,24,900,24,34,29,1440,long,MacIntel,STONE,328984,361816,361767
Mozilla,Netscape,"5.0 (Macintosh; Intel Mac OS X 10_15_7) AppleWebKit/605.1.15 (KHTML, like Gecko) Version/16.1 Safari/605.1.15",Inc_Synth_Nat,incongruent,1,A,04-10-22,04-10-22,06:14:54,0,0,0,0,0,794,3.6.1,mall,240,,1330,802,1440,24,900,24,34,29,1440,long,MacIntel,BUSH,328984,363417,363366
Mozilla,Netscape,"5.0 (Macintosh; Intel Mac OS X 10_15_7) AppleWebKit/605.1.15 (KHTML, like Gecko) Version/16.1 Safari/605.1.15",Inc_Nat_Nat,incongruent,0,A,04-10-22,04-10-22,06:14:54,0,0,0,0,0,794,3.6.1,fruit,240,,1856,802,1440,24,900,24,34,29,1440,long,MacIntel,BEAR,328984,365499,365450
Mozilla,Netscape,"5.0 (Macintosh; Intel Mac OS X 10_15_7) AppleWebKit/605.1.15 (KHTML, like Gecko) Version/16.1 Safari/605.1.15",Inc_Nat_Nat,incongruent,0,A,04-10-22,04-10-22,06:14:54,0,0,0,0,0,794,3.6.1,shell,240,,911,802,1440,24,900,24,34,29,1440,long,MacIntel,DIRT,328984,368116,368066
Mozilla,Netscape,"5.0 (Macintosh; Intel Mac OS X 10_15_7) AppleWebKit/605.1.15 (KHTML, like Gecko) Version/16.1 Safari/605.1.15",Inc_Synth_Synth,incongruent,0,A,04-10-22,04-10-22,06:14:54,0,0,0,0,0,794,3.6.1,roof,240,,913,802,1440,24,900,24,34,29,1440,long,MacIntel,PIANO,328984,369782,369733
Mozilla,Netscape,"5.0 (Macintosh; Intel Mac OS X 10_15_7) AppleWebKit/605.1.15 (KHTML, like Gecko) Version/16.1 Safari/605.1.15",Inc_Nat_Synth,incongruent,1,A,04-10-22,04-10-22,06:14:54,0,0,0,0,0,794,3.6.1,moose,240,,939,802,1440,24,900,24,34,29,1440,long,MacIntel,PORCH,328984,371450,371399
Mozilla,Netscape,"5.0 (Macintosh; Intel Mac OS X 10_15_7) AppleWebKit/605.1.15 (KHTML, like Gecko) Version/16.1 Safari/605.1.15",Inc_Synth_Synth,incongruent,0,A,04-10-22,04-10-22,06:14:54,0,0,0,0,0,794,3.6.1,desk,240,,788,802,1440,24,900,24,34,29,1440,long,MacIntel,CANDY,328984,373149,373100
Mozilla,Netscape,"5.0 (Macintosh; Intel Mac OS X 10_15_7) AppleWebKit/605.1.15 (KHTML, like Gecko) Version/16.1 Safari/605.1.15",Inc_Synth_Synth,incongruent,0,A,04-10-22,04-10-22,06:14:54,0,0,0,0,0,794,3.6.1,cake,240,,822,802,1440,24,900,24,34,29,1440,long,MacIntel,TRASH,328984,374699,374649
Mozilla,Netscape,"5.0 (Macintosh; Intel Mac OS X 10_15_7) AppleWebKit/605.1.15 (KHTML, like Gecko) Version/16.1 Safari/605.1.15",Con_Synth,congruent,1,A,04-10-22,04-10-22,06:14:54,0,0,0,0,0,794,3.6.1,scarf,240,,1482,802,1440,24,900,24,34,29,1440,long,MacIntel,SCARF,328984,376282,376233
Mozilla,Netscape,"5.0 (Macintosh; Intel Mac OS X 10_15_7) AppleWebKit/605.1.15 (KHTML, like Gecko) Version/16.1 Safari/605.1.15",Inc_Synth_Synth,incongruent,0,A,04-10-22,04-10-22,06:14:54,0,0,0,0,0,794,3.6.1,bell,240,,885,802,1440,24,900,24,34,29,1440,long,MacIntel,WHEEL,328984,378532,378483
Mozilla,Netscape,"5.0 (Macintosh; Intel Mac OS X 10_15_7) AppleWebKit/605.1.15 (KHTML, like Gecko) Version/16.1 Safari/605.1.15",Con_Synth,congruent,1,A,04-10-22,04-10-22,06:14:54,0,0,0,0,0,794,3.6.1,flask,240,,1159,802,1440,24,900,24,34,29,1440,long,MacIntel,FLASK,328984,380182,380133
Mozilla,Netscape,"5.0 (Macintosh; Intel Mac OS X 10_15_7) AppleWebKit/605.1.15 (KHTML, like Gecko) Version/16.1 Safari/605.1.15",Inc_Nat_Synth,incongruent,1,A,04-10-22,04-10-22,06:14:54,0,0,0,0,0,794,3.6.1,swamp,240,,1246,802,1440,24,900,24,34,29,1440,long,MacIntel,DRILL,328984,382099,382049
Mozilla,Netscape,"5.0 (Macintosh; Intel Mac OS X 10_15_7) AppleWebKit/605.1.15 (KHTML, like Gecko) Version/16.1 Safari/605.1.15",Con_Nat,congruent,1,A,04-10-22,04-10-22,06:14:54,0,0,0,0,0,794,3.6.1,plum,240,,1629,802,1440,24,900,24,34,29,1440,long,MacIntel,PLUM,328984,384098,384050
Mozilla,Netscape,"5.0 (Macintosh; Intel Mac OS X 10_15_7) AppleWebKit/605.1.15 (KHTML, like Gecko) Version/16.1 Safari/605.1.15",Con_Nat,congruent,1,A,04-10-22,04-10-22,06:14:54,0,0,0,0,0,794,3.6.1,wasp,240,,1065,802,1440,24,900,24,34,29,1440,long,MacIntel,WASP,328984,386482,386432
Mozilla,Netscape,"5.0 (Macintosh; Intel Mac OS X 10_15_7) AppleWebKit/605.1.15 (KHTML, like Gecko) Version/16.1 Safari/605.1.15",Con_Synth,congruent,1,A,04-10-22,04-10-22,06:14:54,0,0,0,0,0,794,3.6.1,linen,240,,1090,802,1440,24,900,24,34,29,1440,long,MacIntel,LINEN,328984,388315,388267
Mozilla,Netscape,"5.0 (Macintosh; Intel Mac OS X 10_15_7) AppleWebKit/605.1.15 (KHTML, like Gecko) Version/16.1 Safari/605.1.15",Con_Nat,congruent,0,A,04-10-22,04-10-22,06:14:54,0,0,0,0,0,794,3.6.1,slug,240,,1052,802,1440,24,900,24,34,29,1440,long,MacIntel,SLUG,328984,390165,390116
Mozilla,Netscape,"5.0 (Macintosh; Intel Mac OS X 10_15_7) AppleWebKit/605.1.15 (KHTML, like Gecko) Version/16.1 Safari/605.1.15",Con_Synth,congruent,1,A,04-10-22,04-10-22,06:14:54,0,0,0,0,0,794,3.6.1,crate,240,,1013,802,1440,24,900,24,34,29,1440,long,MacIntel,CRATE,328984,391983,391932
Mozilla,Netscape,"5.0 (Macintosh; Intel Mac OS X 10_15_7) AppleWebKit/605.1.15 (KHTML, like Gecko) Version/16.1 Safari/605.1.15",Inc_Synth_Synth,incongruent,0,A,04-10-22,04-10-22,06:14:54,0,0,0,0,0,794,3.6.1,taxi,240,,1078,802,1440,24,900,24,34,29,1440,long,MacIntel,CHAIN,328984,393749,393699
Mozilla,Netscape,"5.0 (Macintosh; Intel Mac OS X 10_15_7) AppleWebKit/605.1.15 (KHTML, like Gecko) Version/16.1 Safari/605.1.15",Inc_Nat_Nat,incongruent,0,A,04-10-22,04-10-22,06:14:54,0,0,0,0,0,794,3.6.1,lemon,240,,824,802,1440,24,900,24,34,29,1440,long,MacIntel,DUCK,328984,395582,395532
Mozilla,Netscape,"5.0 (Macintosh; Intel Mac OS X 10_15_7) AppleWebKit/605.1.15 (KHTML, like Gecko) Version/16.1 Safari/605.1.15",Inc_Synth_Nat,incongruent,1,A,04-10-22,04-10-22,06:14:54,0,0,0,0,0,794,3.6.1,barn,240,,946,802,1440,24,900,24,34,29,1440,long,MacIntel,TUNA,328984,397166,397116
Mozilla,Netscape,"5.0 (Macintosh; Intel Mac OS X 10_15_7) AppleWebKit/605.1.15 (KHTML, like Gecko) Version/16.1 Safari/605.1.15",Con_Nat,congruent,1,A,04-10-22,04-10-22,06:14:54,0,0,0,0,0,794,3.6.1,swan,240,,985,802,1440,24,900,24,34,29,1440,long,MacIntel,SWAN,328984,398865,398816
Mozilla,Netscape,"5.0 (Macintosh; Intel Mac OS X 10_15_7) AppleWebKit/605.1.15 (KHTML, like Gecko) Version/16.1 Safari/605.1.15",Inc_Synth_Nat,incongruent,1,A,04-10-22,04-10-22,06:14:54,0,0,0,0,0,794,3.6.1,pipe,240,,985,802,1440,24,900,24,34,29,1440,long,MacIntel,LION,328984,400616,400566
Mozilla,Netscape,"5.0 (Macintosh; Intel Mac OS X 10_15_7) AppleWebKit/605.1.15 (KHTML, like Gecko) Version/16.1 Safari/605.1.15",Inc_Nat_Synth,incongruent,1,A,04-10-22,04-10-22,06:14:54,0,0,0,0,0,794,3.6.1,cloud,240,,1111,802,1440,24,900,24,34,29,1440,long,MacIntel,MOTEL,328984,402365,402316
Mozilla,Netscape,"5.0 (Macintosh; Intel Mac OS X 10_15_7) AppleWebKit/605.1.15 (KHTML, like Gecko) Version/16.1 Safari/605.1.15",Con_Nat,congruent,1,A,04-10-22,04-10-22,06:14:54,0,0,0,0,0,794,3.6.1,crab,240,,1024,802,1440,24,900,24,34,29,1440,long,MacIntel,CRAB,328984,404232,404182
Mozilla,Netscape,"5.0 (Macintosh; Intel Mac OS X 10_15_7) AppleWebKit/605.1.15 (KHTML, like Gecko) Version/16.1 Safari/605.1.15",Inc_Synth_Nat,incongruent,1,A,04-10-22,04-10-22,06:14:54,0,0,0,0,0,794,3.6.1,soap,240,,857,802,1440,24,900,24,34,29,1440,long,MacIntel,PONY,328984,406015,405966
Mozilla,Netscape,"5.0 (Macintosh; Intel Mac OS X 10_15_7) AppleWebKit/605.1.15 (KHTML, like Gecko) Version/16.1 Safari/605.1.15",Con_Synth,congruent,1,A,04-10-22,04-10-22,06:14:54,0,0,0,0,0,794,3.6.1,ferry,240,,1183,802,1440,24,900,24,34,29,1440,long,MacIntel,FERRY,328984,407632,407582
Mozilla,Netscape,"5.0 (Macintosh; Intel Mac OS X 10_15_7) AppleWebKit/605.1.15 (KHTML, like Gecko) Version/16.1 Safari/605.1.15",Con_Synth,congruent,1,A,04-10-22,04-10-22,06:14:54,0,0,0,0,0,794,3.6.1,broom,240,,872,802,1440,24,900,24,34,29,1440,long,MacIntel,BROOM,328984,409582,409532
Mozilla,Netscape,"5.0 (Macintosh; Intel Mac OS X 10_15_7) AppleWebKit/605.1.15 (KHTML, like Gecko) Version/16.1 Safari/605.1.15",Con_Synth,congruent,1,A,04-10-22,04-10-22,06:14:54,0,0,0,0,0,794,3.6.1,stove,240,,894,802,1440,24,900,24,34,29,1440,long,MacIntel,STOVE,328984,411215,411165
Mozilla,Netscape,"5.0 (Macintosh; Intel Mac OS X 10_15_7) AppleWebKit/605.1.15 (KHTML, like Gecko) Version/16.1 Safari/605.1.15",Inc_Nat_Nat,incongruent,0,A,04-10-22,04-10-22,06:14:54,0,0,0,0,0,794,3.6.1,storm,240,,891,802,1440,24,900,24,34,29,1440,long,MacIntel,LAND,328984,412849,412799
Mozilla,Netscape,"5.0 (Macintosh; Intel Mac OS X 10_15_7) AppleWebKit/605.1.15 (KHTML, like Gecko) Version/16.1 Safari/605.1.15",Inc_Nat_Synth,incongruent,1,A,04-10-22,04-10-22,06:14:54,0,0,0,0,0,794,3.6.1,eagle,240,,883,802,1440,24,900,24,34,29,1440,long,MacIntel,WAGON,328984,414499,414449
Mozilla,Netscape,"5.0 (Macintosh; Intel Mac OS X 10_15_7) AppleWebKit/605.1.15 (KHTML, like Gecko) Version/16.1 Safari/605.1.15",Inc_Nat_Nat,incongruent,0,A,04-10-22,04-10-22,06:14:54,0,0,0,0,0,794,3.6.1,sheep,240,,997,802,1440,24,900,24,34,29,1440,long,MacIntel,BULL,328984,416149,416099
Mozilla,Netscape,"5.0 (Macintosh; Intel Mac OS X 10_15_7) AppleWebKit/605.1.15 (KHTML, like Gecko) Version/16.1 Safari/605.1.15",Inc_Nat_Nat,incongruent,1,A,04-10-22,04-10-22,06:14:54,0,0,0,0,0,794,3.6.1,shark,240,,1385,802,1440,24,900,24,34,29,1440,long,MacIntel,HILL,328984,417899,417849
Mozilla,Netscape,"5.0 (Macintosh; Intel Mac OS X 10_15_7) AppleWebKit/605.1.15 (KHTML, like Gecko) Version/16.1 Safari/605.1.15",Con_Nat,congruent,1,A,04-10-22,04-10-22,06:14:54,0,0,0,0,0,794,3.6.1,earth,240,,801,802,1440,24,900,24,34,29,1440,long,MacIntel,EARTH,328984,420048,419999
Mozilla,Netscape,"5.0 (Macintosh; Intel Mac OS X 10_15_7) AppleWebKit/605.1.15 (KHTML, like Gecko) Version/16.1 Safari/605.1.15",Con_Synth,congruent,1,A,04-10-22,04-10-22,06:14:54,0,0,0,0,0,794,3.6.1,apron,240,,1115,802,1440,24,900,24,34,29,1440,long,MacIntel,APRON,328984,421616,421565
Mozilla,Netscape,"5.0 (Macintosh; Intel Mac OS X 10_15_7) AppleWebKit/605.1.15 (KHTML, like Gecko) Version/16.1 Safari/605.1.15",Inc_Synth_Nat,incongruent,1,A,04-10-22,04-10-22,06:14:54,0,0,0,0,0,794,3.6.1,bowl,240,,762,802,1440,24,900,24,34,29,1440,long,MacIntel,WOLF,328984,423498,423449
Mozilla,Netscape,"5.0 (Macintosh; Intel Mac OS X 10_15_7) AppleWebKit/605.1.15 (KHTML, like Gecko) Version/16.1 Safari/605.1.15",Inc_Synth_Synth,incongruent,0,A,04-10-22,04-10-22,06:14:54,0,0,0,0,0,794,3.6.1,shoe,240,,839,802,1440,24,900,24,34,29,1440,long,MacIntel,COUCH,328984,425015,424965
Mozilla,Netscape,"5.0 (Macintosh; Intel Mac OS X 10_15_7) AppleWebKit/605.1.15 (KHTML, like Gecko) Version/16.1 Safari/605.1.15",Con_Synth,congruent,1,A,04-10-22,04-10-22,06:14:54,0,0,0,0,0,794,3.6.1,canoe,240,,892,802,1440,24,900,24,34,29,1440,long,MacIntel,CANOE,328984,426615,426566
Mozilla,Netscape,"5.0 (Macintosh; Intel Mac OS X 10_15_7) AppleWebKit/605.1.15 (KHTML, like Gecko) Version/16.1 Safari/605.1.15",Inc_Synth_Nat,incongruent,1,A,04-10-22,04-10-22,06:14:54,0,0,0,0,0,794,3.6.1,sink,240,,1271,802,1440,24,900,24,34,29,1440,long,MacIntel,LAMB,328984,428249,428200
Mozilla,Netscape,"5.0 (Macintosh; Intel Mac OS X 10_15_7) AppleWebKit/605.1.15 (KHTML, like Gecko) Version/16.1 Safari/605.1.15",Con_Nat,congruent,1,A,04-10-22,04-10-22,06:14:54,0,0,0,0,0,794,3.6.1,pear,240,,904,802,1440,24,900,24,34,29,1440,long,MacIntel,PEAR,328984,430281,430232
Mozilla,Netscape,"5.0 (Macintosh; Intel Mac OS X 10_15_7) AppleWebKit/605.1.15 (KHTML, like Gecko) Version/16.1 Safari/605.1.15",Con_Nat,congruent,1,A,04-10-22,04-10-22,06:14:54,0,0,0,0,0,794,3.6.1,clam,240,,1246,802,1440,24,900,24,34,29,1440,long,MacIntel,CLAM,328984,431948,431898
Mozilla,Netscape,"5.0 (Macintosh; Intel Mac OS X 10_15_7) AppleWebKit/605.1.15 (KHTML, like Gecko) Version/16.1 Safari/605.1.15",Con_Nat,congruent,1,A,04-10-22,04-10-22,06:14:54,0,0,0,0,0,794,3.6.1,peas,240,,809,802,1440,24,900,24,34,29,1440,long,MacIntel,PEAS,328984,433947,433899
Mozilla,Netscape,"5.0 (Macintosh; Intel Mac OS X 10_15_7) AppleWebKit/605.1.15 (KHTML, like Gecko) Version/16.1 Safari/605.1.15",Con_Synth,congruent,1,A,04-10-22,04-10-22,06:14:54,0,0,0,0,0,794,3.6.1,tongs,240,,1584,802,1440,24,900,24,34,29,1440,long,MacIntel,TONGS,328984,435515,435465
Mozilla,Netscape,"5.0 (Macintosh; Intel Mac OS X 10_15_7) AppleWebKit/605.1.15 (KHTML, like Gecko) Version/16.1 Safari/605.1.15",Inc_Synth_Synth,incongruent,0,A,04-10-22,04-10-22,06:14:54,0,0,0,0,0,794,3.6.1,wire,240,,1033,802,1440,24,900,24,34,29,1440,long,MacIntel,CABIN,328984,437864,437815
Mozilla,Netscape,"5.0 (Macintosh; Intel Mac OS X 10_15_7) AppleWebKit/605.1.15 (KHTML, like Gecko) Version/16.1 Safari/605.1.15",Inc_Nat_Nat,incongruent,0,A,04-10-22,04-10-22,06:14:54,0,0,0,0,0,794,3.6.1,bunny,240,,1039,802,1440,24,900,24,34,29,1440,long,MacIntel,ROSE,328984,439665,439615
Mozilla,Netscape,"5.0 (Macintosh; Intel Mac OS X 10_15_7) AppleWebKit/605.1.15 (KHTML, like Gecko) Version/16.1 Safari/605.1.15",Con_Synth,congruent,1,A,04-10-22,04-10-22,06:14:54,0,0,0,0,0,794,3.6.1,stair,240,,762,802,1440,24,900,24,34,29,1440,long,MacIntel,STAIR,328984,441465,441415
Mozilla,Netscape,"5.0 (Macintosh; Intel Mac OS X 10_15_7) AppleWebKit/605.1.15 (KHTML, like Gecko) Version/15.1 Safari/605.1.15",practice,practice,1,None,03-10-22,03-10-22,15:38:16,0,0,0,0,0,789,3.6.1,abjdhjs,240,,1230,822,1440,24,900,24,0,25,1440,practice,MacIntel,HORSE,109843,109943,109893
Mozilla,Netscape,"5.0 (Macintosh; Intel Mac OS X 10_15_7) AppleWebKit/605.1.15 (KHTML, like Gecko) Version/15.1 Safari/605.1.15",practice,practice,1,None,03-10-22,03-10-22,15:38:16,0,0,0,0,0,789,3.6.1,snjghf,240,,660,822,1440,24,900,24,0,25,1440,practice,MacIntel,SHEEP,111809,111909,111860
Mozilla,Netscape,"5.0 (Macintosh; Intel Mac OS X 10_15_7) AppleWebKit/605.1.15 (KHTML, like Gecko) Version/15.1 Safari/605.1.15",practice,practice,1,None,03-10-22,03-10-22,15:38:16,0,0,0,0,0,789,3.6.1,nvoiuh,240,,814,822,1440,24,900,24,0,25,1440,practice,MacIntel,HOUSE,113193,113293,113243
Mozilla,Netscape,"5.0 (Macintosh; Intel Mac OS X 10_15_7) AppleWebKit/605.1.15 (KHTML, like Gecko) Version/15.1 Safari/605.1.15",practice,practice,1,None,03-10-22,03-10-22,15:38:16,0,0,0,0,0,789,3.6.1,iweonf,240,,816,822,1440,24,900,24,0,25,1440,practice,MacIntel,BOAT,114743,114843,114793
Mozilla,Netscape,"5.0 (Macintosh; Intel Mac OS X 10_15_7) AppleWebKit/605.1.15 (KHTML, like Gecko) Version/15.1 Safari/605.1.15",Con_Synth,congruent,1,A,03-10-22,03-10-22,15:38:16,0,0,0,0,0,789,3.6.1,tank,240,,947,822,1440,24,900,24,0,25,1440,short,MacIntel,TANK,156029,156129,156079
Mozilla,Netscape,"5.0 (Macintosh; Intel Mac OS X 10_15_7) AppleWebKit/605.1.15 (KHTML, like Gecko) Version/15.1 Safari/605.1.15",Con_Nat,congruent,1,A,03-10-22,03-10-22,15:38:16,0,0,0,0,0,789,3.6.1,whale,240,,695,822,1440,24,900,24,0,25,1440,short,MacIntel,WHALE,157713,157813,157763
Mozilla,Netscape,"5.0 (Macintosh; Intel Mac OS X 10_15_7) AppleWebKit/605.1.15 (KHTML, like Gecko) Version/15.1 Safari/605.1.15",Con_Nat,congruent,1,A,03-10-22,03-10-22,15:38:16,0,0,0,0,0,789,3.6.1,grass,240,,735,822,1440,24,900,24,0,25,1440,short,MacIntel,GRASS,159129,159229,159179
Mozilla,Netscape,"5.0 (Macintosh; Intel Mac OS X 10_15_7) AppleWebKit/605.1.15 (KHTML, like Gecko) Version/15.1 Safari/605.1.15",Con_Nat,congruent,1,A,03-10-22,03-10-22,15:38:16,0,0,0,0,0,789,3.6.1,worm,240,,621,822,1440,24,900,24,0,25,1440,short,MacIntel,WORM,160596,160696,160646
Mozilla,Netscape,"5.0 (Macintosh; Intel Mac OS X 10_15_7) AppleWebKit/605.1.15 (KHTML, like Gecko) Version/15.1 Safari/605.1.15",Inc_Nat_Synth,incongruent,0,A,03-10-22,03-10-22,15:38:16,0,0,0,0,0,789,3.6.1,crow,240,,1305,822,1440,24,900,24,0,25,1440,short,MacIntel,YACHT,161946,162045,161996
Mozilla,Netscape,"5.0 (Macintosh; Intel Mac OS X 10_15_7) AppleWebKit/605.1.15 (KHTML, like Gecko) Version/15.1 Safari/605.1.15",Con_Nat,congruent,1,A,03-10-22,03-10-22,15:38:16,0,0,0,0,0,789,3.6.1,seed,240,,799,822,1440,24,900,24,0,25,1440,short,MacIntel,SEED,163979,164079,164029
Mozilla,Netscape,"5.0 (Macintosh; Intel Mac OS X 10_15_7) AppleWebKit/605.1.15 (KHTML, like Gecko) Version/15.1 Safari/605.1.15",Inc_Nat_Synth,incongruent,1,A,03-10-22,03-10-22,15:38:16,0,0,0,0,0,789,3.6.1,leaf,240,,1088,822,1440,24,900,24,0,25,1440,short,MacIntel,COIN,165513,165613,165563
Mozilla,Netscape,"5.0 (Macintosh; Intel Mac OS X 10_15_7) AppleWebKit/605.1.15 (KHTML, like Gecko) Version/15.1 Safari/605.1.15",Con_Nat,congruent,1,A,03-10-22,03-10-22,15:38:16,0,0,0,0,0,789,3.6.1,deer,240,,762,822,1440,24,900,24,0,25,1440,short,MacIntel,DEER,167330,167430,167380
Mozilla,Netscape,"5.0 (Macintosh; Intel Mac OS X 10_15_7) AppleWebKit/605.1.15 (KHTML, like Gecko) Version/15.1 Safari/605.1.15",Con_Nat,congruent,1,A,03-10-22,03-10-22,15:38:16,0,0,0,0,0,789,3.6.1,tiger,240,,624,822,1440,24,900,24,0,25,1440,short,MacIntel,TIGER,168813,168913,168863
Mozilla,Netscape,"5.0 (Macintosh; Intel Mac OS X 10_15_7) AppleWebKit/605.1.15 (KHTML, like Gecko) Version/15.1 Safari/605.1.15",Con_Synth,congruent,1,A,03-10-22,03-10-22,15:38:16,0,0,0,0,0,789,3.6.1,rope,240,,645,822,1440,24,900,24,0,25,1440,short,MacIntel,ROPE,170163,170263,170213
Mozilla,Netscape,"5.0 (Macintosh; Intel Mac OS X 10_15_7) AppleWebKit/605.1.15 (KHTML, like Gecko) Version/15.1 Safari/605.1.15",Con_Nat,congruent,0,A,03-10-22,03-10-22,15:38:16,0,0,0,0,0,789,3.6.1,cave,240,,784,822,1440,24,900,24,0,25,1440,short,MacIntel,CAVE,171530,171630,171579
Mozilla,Netscape,"5.0 (Macintosh; Intel Mac OS X 10_15_7) AppleWebKit/605.1.15 (KHTML, like Gecko) Version/15.1 Safari/605.1.15",Inc_Synth_Nat,incongruent,1,A,03-10-22,03-10-22,15:38:16,0,0,0,0,0,789,3.6.1,torch,240,,1066,822,1440,24,900,24,0,25,1440,short,MacIntel,CHIMP,173046,173147,173099
Mozilla,Netscape,"5.0 (Macintosh; Intel Mac OS X 10_15_7) AppleWebKit/605.1.15 (KHTML, like Gecko) Version/15.1 Safari/605.1.15",Inc_Synth_Synth,incongruent,0,A,03-10-22,03-10-22,15:38:16,0,0,0,0,0,789,3.6.1,kiosk,240,,1072,822,1440,24,900,24,0,25,1440,short,MacIntel,SOFA,174847,174946,174897
Mozilla,Netscape,"5.0 (Macintosh; Intel Mac OS X 10_15_7) AppleWebKit/605.1.15 (KHTML, like Gecko) Version/15.1 Safari/605.1.15",Inc_Synth_Nat,incongruent,1,A,03-10-22,03-10-22,15:38:16,0,0,0,0,0,789,3.6.1,rake,240,,841,822,1440,24,900,24,0,25,1440,short,MacIntel,HUSKY,176647,176747,176697
Mozilla,Netscape,"5.0 (Macintosh; Intel Mac OS X 10_15_7) AppleWebKit/605.1.15 (KHTML, like Gecko) Version/15.1 Safari/605.1.15",Inc_Synth_Synth,incongruent,0,A,03-10-22,03-10-22,15:38:16,0,0,0,0,0,789,3.6.1,spade,240,,938,822,1440,24,900,24,0,25,1440,short,MacIntel,SHELF,178214,178314,178263
Mozilla,Netscape,"5.0 (Macintosh; Intel Mac OS X 10_15_7) AppleWebKit/605.1.15 (KHTML, like Gecko) Version/15.1 Safari/605.1.15",Con_Nat,congruent,0,A,03-10-22,03-10-22,15:38:16,0,0,0,0,0,789,3.6.1,daisy,240,,2013,822,1440,24,900,24,0,25,1440,short,MacIntel,DAISY,179880,179980,179930
Mozilla,Netscape,"5.0 (Macintosh; Intel Mac OS X 10_15_7) AppleWebKit/605.1.15 (KHTML, like Gecko) Version/15.1 Safari/605.1.15",Inc_Nat_Nat,incongruent,1,A,03-10-22,03-10-22,15:38:16,0,0,0,0,0,789,3.6.1,poppy,240,,1683,822,1440,24,900,24,0,25,1440,short,MacIntel,DINGO,182614,182714,182664
Mozilla,Netscape,"5.0 (Macintosh; Intel Mac OS X 10_15_7) AppleWebKit/605.1.15 (KHTML, like Gecko) Version/15.1 Safari/605.1.15",Inc_Nat_Synth,incongruent,1,A,03-10-22,03-10-22,15:38:16,0,0,0,0,0,789,3.6.1,melon,240,,1596,822,1440,24,900,24,0,25,1440,short,MacIntel,HOSE,185032,185131,185080
Mozilla,Netscape,"5.0 (Macintosh; Intel Mac OS X 10_15_7) AppleWebKit/605.1.15 (KHTML, like Gecko) Version/15.1 Safari/605.1.15",Inc_Nat_Nat,incongruent,0,A,03-10-22,03-10-22,15:38:16,0,0,0,0,0,789,3.6.1,berry,240,,1101,822,1440,24,900,24,0,25,1440,short,MacIntel,OTTER,187348,187448,187397
Mozilla,Netscape,"5.0 (Macintosh; Intel Mac OS X 10_15_7) AppleWebKit/605.1.15 (KHTML, like Gecko) Version/15.1 Safari/605.1.15",Inc_Nat_Synth,incongruent,1,A,03-10-22,03-10-22,15:38:16,0,0,0,0,0,789,3.6.1,peach,240,,1486,822,1440,24,900,24,0,25,1440,short,MacIntel,SHED,189181,189281,189231
Mozilla,Netscape,"5.0 (Macintosh; Intel Mac OS X 10_15_7) AppleWebKit/605.1.15 (KHTML, like Gecko) Version/15.1 Safari/605.1.15",Nat_Nat_Synth,incongruent,0,A,03-10-22,03-10-22,15:38:16,0,0,0,0,0,789,3.6.1,finch,240,,782,822,1440,24,900,24,0,25,1440,short,MacIntel,SLOTH,191398,191498,191447
Mozilla,Netscape,"5.0 (Macintosh; Intel Mac OS X 10_15_7) AppleWebKit/605.1.15 (KHTML, like Gecko) Version/15.1 Safari/605.1.15",Inc_Synth_Synth,incongruent,0,A,03-10-22,03-10-22,15:38:16,0,0,0,0,0,789,3.6.1,silo,240,,873,822,1440,24,900,24,0,25,1440,short,MacIntel,PLAZA,192915,193014,192964
Mozilla,Netscape,"5.0 (Macintosh; Intel Mac OS X 10_15_7) AppleWebKit/605.1.15 (KHTML, like Gecko) Version/15.1 Safari/605.1.15",Inc_Synth_Nat,incongruent,1,A,03-10-22,03-10-22,15:38:16,0,0,0,0,0,789,3.6.1,rail,240,,838,822,1440,24,900,24,0,25,1440,short,MacIntel,SQUID,194515,194615,194565
Mozilla,Netscape,"5.0 (Macintosh; Intel Mac OS X 10_15_7) AppleWebKit/605.1.15 (KHTML, like Gecko) Version/15.1 Safari/605.1.15",Con_Nat,congruent,1,A,03-10-22,03-10-22,15:38:16,0,0,0,0,0,789,3.6.1,goose,240,,860,822,1440,24,900,24,0,25,1440,short,MacIntel,GOOSE,196080,196180,196131
Mozilla,Netscape,"5.0 (Macintosh; Intel Mac OS X 10_15_7) AppleWebKit/605.1.15 (KHTML, like Gecko) Version/15.1 Safari/605.1.15",Inc_Nat_Nat,incongruent,0,A,03-10-22,03-10-22,15:38:16,0,0,0,0,0,789,3.6.1,grape,240,,662,822,1440,24,900,24,0,25,1440,short,MacIntel,LLAMA,197664,197765,197714
Mozilla,Netscape,"5.0 (Macintosh; Intel Mac OS X 10_15_7) AppleWebKit/605.1.15 (KHTML, like Gecko) Version/15.1 Safari/605.1.15",Con_Synth,congruent,1,A,03-10-22,03-10-22,15:38:16,0,0,0,0,0,789,3.6.1,bread,240,,923,822,1440,24,900,24,0,25,1440,short,MacIntel,BREAD,199046,199147,199097
Mozilla,Netscape,"5.0 (Macintosh; Intel Mac OS X 10_15_7) AppleWebKit/605.1.15 (KHTML, like Gecko) Version/15.1 Safari/605.1.15",Con_Nat,congruent,1,A,03-10-22,03-10-22,15:38:16,0,0,0,0,0,789,3.6.1,frog,240,,769,822,1440,24,900,24,0,25,1440,short,MacIntel,FROG,200698,200798,200748
Mozilla,Netscape,"5.0 (Macintosh; Intel Mac OS X 10_15_7) AppleWebKit/605.1.15 (KHTML, like Gecko) Version/15.1 Safari/605.1.15",Con_Nat,congruent,1,A,03-10-22,03-10-22,15:38:16,0,0,0,0,0,789,3.6.1,hawk,240,,691,822,1440,24,900,24,0,25,1440,short,MacIntel,HAWK,202196,202296,202246
Mozilla,Netscape,"5.0 (Macintosh; Intel Mac OS X 10_15_7) AppleWebKit/605.1.15 (KHTML, like Gecko) Version/15.1 Safari/605.1.15",Inc_Synth_Synth,incongruent,0,A,03-10-22,03-10-22,15:38:16,0,0,0,0,0,789,3.6.1,ladle,240,,763,822,1440,24,900,24,0,25,1440,short,MacIntel,CAFÉ,203613,203713,203662
Mozilla,Netscape,"5.0 (Macintosh; Intel Mac OS X 10_15_7) AppleWebKit/605.1.15 (KHTML, like Gecko) Version/15.1 Safari/605.1.15",Inc_Synth_Synth,incongruent,0,A,03-10-22,03-10-22,15:38:16,0,0,0,0,0,789,3.6.1,sash,240,,1127,822,1440,24,900,24,0,25,1440,short,MacIntel,CLOTH,205096,205196,205146
Mozilla,Netscape,"5.0 (Macintosh; Intel Mac OS X 10_15_7) AppleWebKit/605.1.15 (KHTML, like Gecko) Version/15.1 Safari/605.1.15",Inc_Synth_Synth,incongruent,0,A,03-10-22,03-10-22,15:38:16,0,0,0,0,0,789,3.6.1,wharf,240,,632,822,1440,24,900,24,0,25,1440,short,MacIntel,RAZOR,206947,207046,206996
Mozilla,Netscape,"5.0 (Macintosh; Intel Mac OS X 10_15_7) AppleWebKit/605.1.15 (KHTML, like Gecko) Version/15.1 Safari/605.1.15",Con_Synth,congruent,1,A,03-10-22,03-10-22,15:38:16,0,0,0,0,0,789,3.6.1,gate,240,,644,822,1440,24,900,24,0,25,1440,short,MacIntel,GATE,208298,208399,208349
Mozilla,Netscape,"5.0 (Macintosh; Intel Mac OS X 10_15_7) AppleWebKit/605.1.15 (KHTML, like Gecko) Version/15.1 Safari/605.1.15",Con_Synth,congruent,1,A,03-10-22,03-10-22,15:38:16,0,0,0,0,0,789,3.6.1,mail,240,,664,822,1440,24,900,24,0,25,1440,short,MacIntel,MAIL,209666,209765,209715
Mozilla,Netscape,"5.0 (Macintosh; Intel Mac OS X 10_15_7) AppleWebKit/605.1.15 (KHTML, like Gecko) Version/15.1 Safari/605.1.15",Inc_Nat_Nat,incongruent,1,A,03-10-22,03-10-22,15:38:16,0,0,0,0,0,789,3.6.1,lime,240,,1001,822,1440,24,900,24,0,25,1440,short,MacIntel,GULLY,211049,211149,211099
Mozilla,Netscape,"5.0 (Macintosh; Intel Mac OS X 10_15_7) AppleWebKit/605.1.15 (KHTML, like Gecko) Version/15.1 Safari/605.1.15",Inc_Synth_Synth,incongruent,0,A,03-10-22,03-10-22,15:38:16,0,0,0,0,0,789,3.6.1,patio,240,,1193,822,1440,24,900,24,0,25,1440,short,MacIntel,SPOON,212781,212882,212833
Mozilla,Netscape,"5.0 (Macintosh; Intel Mac OS X 10_15_7) AppleWebKit/605.1.15 (KHTML, like Gecko) Version/15.1 Safari/605.1.15",Con_Synth,congruent,1,A,03-10-22,03-10-22,15:38:16,0,0,0,0,0,789,3.6.1,bike,240,,1103,822,1440,24,900,24,0,25,1440,short,MacIntel,BIKE,214699,214799,214749
Mozilla,Netscape,"5.0 (Macintosh; Intel Mac OS X 10_15_7) AppleWebKit/605.1.15 (KHTML, like Gecko) Version/15.1 Safari/605.1.15",Inc_Nat_Synth,incongruent,1,A,03-10-22,03-10-22,15:38:16,0,0,0,0,0,789,3.6.1,mice,240,,662,822,1440,24,900,24,0,25,1440,short,MacIntel,TOOLS,216533,216633,216582
Mozilla,Netscape,"5.0 (Macintosh; Intel Mac OS X 10_15_7) AppleWebKit/605.1.15 (KHTML, like Gecko) Version/15.1 Safari/605.1.15",Con_Nat,congruent,1,A,03-10-22,03-10-22,15:38:16,0,0,0,0,0,789,3.6.1,creek,240,,1181,822,1440,24,900,24,0,25,1440,short,MacIntel,CREEK,217916,218016,217965
Mozilla,Netscape,"5.0 (Macintosh; Intel Mac OS X 10_15_7) AppleWebKit/605.1.15 (KHTML, like Gecko) Version/15.1 Safari/605.1.15",Inc_Nat_Synth,incongruent,1,A,03-10-22,03-10-22,15:38:16,0,0,0,0,0,789,3.6.1,toad,240,,810,822,1440,24,900,24,0,25,1440,short,MacIntel,GLOVE,219833,219933,219883
Mozilla,Netscape,"5.0 (Macintosh; Intel Mac OS X 10_15_7) AppleWebKit/605.1.15 (KHTML, like Gecko) Version/15.1 Safari/605.1.15",Inc_Synth_Nat,incongruent,1,A,03-10-22,03-10-22,15:38:16,0,0,0,0,0,789,3.6.1,spear,240,,778,822,1440,24,900,24,0,25,1440,short,MacIntel,MOTH,221366,221466,221416
Mozilla,Netscape,"5.0 (Macintosh; Intel Mac OS X 10_15_7) AppleWebKit/605.1.15 (KHTML, like Gecko) Version/15.1 Safari/605.1.15",Con_Synth,congruent,1,A,03-10-22,03-10-22,15:38:16,0,0,0,0,0,789,3.6.1,paint,240,,718,822,1440,24,900,24,0,25,1440,short,MacIntel,PAINT,222866,222965,222916
Mozilla,Netscape,"5.0 (Macintosh; Intel Mac OS X 10_15_7) AppleWebKit/605.1.15 (KHTML, like Gecko) Version/15.1 Safari/605.1.15",Inc_Synth_Nat,incongruent,1,A,03-10-22,03-10-22,15:38:16,0,0,0,0,0,789,3.6.1,sewer,240,,1632,822,1440,24,900,24,0,25,1440,short,MacIntel,CORAL,224316,224416,224367
Mozilla,Netscape,"5.0 (Macintosh; Intel Mac OS X 10_15_7) AppleWebKit/605.1.15 (KHTML, like Gecko) Version/15.1 Safari/605.1.15",Con_Synth,congruent,1,A,03-10-22,03-10-22,15:38:16,0,0,0,0,0,789,3.6.1,drug,240,,1361,822,1440,24,900,24,0,25,1440,short,MacIntel,DRUG,226683,226783,226733
Mozilla,Netscape,"5.0 (Macintosh; Intel Mac OS X 10_15_7) AppleWebKit/605.1.15 (KHTML, like Gecko) Version/15.1 Safari/605.1.15",Con_Synth,congruent,1,A,03-10-22,03-10-22,15:38:16,0,0,0,0,0,789,3.6.1,cable,240,,1696,822,1440,24,900,24,0,25,1440,short,MacIntel,CABLE,228767,228867,228817
Mozilla,Netscape,"5.0 (Macintosh; Intel Mac OS X 10_15_7) AppleWebKit/605.1.15 (KHTML, like Gecko) Version/15.1 Safari/605.1.15",Inc_Nat_Nat,incongruent,0,A,03-10-22,03-10-22,15:38:16,0,0,0,0,0,789,3.6.1,cobra,240,,1020,822,1440,24,900,24,0,25,1440,short,MacIntel,TWIG,231184,231284,231234
Mozilla,Netscape,"5.0 (Macintosh; Intel Mac OS X 10_15_7) AppleWebKit/605.1.15 (KHTML, like Gecko) Version/15.1 Safari/605.1.15",Con_Synth,congruent,1,A,03-10-22,03-10-22,15:38:16,0,0,0,0,0,789,3.6.1,doll,240,,1059,822,1440,24,900,24,0,25,1440,short,MacIntel,DOLL,232934,233034,232983
Mozilla,Netscape,"5.0 (Macintosh; Intel Mac OS X 10_15_7) AppleWebKit/605.1.15 (KHTML, like Gecko) Version/15.1 Safari/605.1.15",Inc_Nat_Synth,incongruent,1,A,03-10-22,03-10-22,15:38:16,0,0,0,0,0,789,3.6.1,camel,240,,1083,822,1440,24,900,24,0,25,1440,short,MacIntel,BENCH,234717,234817,234767
Mozilla,Netscape,"5.0 (Macintosh; Intel Mac OS X 10_15_7) AppleWebKit/605.1.15 (KHTML, like Gecko) Version/15.1 Safari/605.1.15",Con_Synth,congruent,1,A,03-10-22,03-10-22,15:38:16,0,0,0,0,0,789,3.6.1,sword,240,,961,822,1440,24,900,24,0,25,1440,short,MacIntel,SWORD,236534,236634,236584
Mozilla,Netscape,"5.0 (Macintosh; Intel Mac OS X 10_15_7) AppleWebKit/605.1.15 (KHTML, like Gecko) Version/15.1 Safari/605.1.15",Con_Nat,congruent,1,A,03-10-22,03-10-22,15:38:16,0,0,0,0,0,789,3.6.1,soil,240,,1222,822,1440,24,900,24,0,25,1440,short,MacIntel,SOIL,238218,238317,238267
Mozilla,Netscape,"5.0 (Macintosh; Intel Mac OS X 10_15_7) AppleWebKit/605.1.15 (KHTML, like Gecko) Version/15.1 Safari/605.1.15",Con_Nat,congruent,1,A,03-10-22,03-10-22,15:38:16,0,0,0,0,0,789,3.6.1,puppy,240,,852,822,1440,24,900,24,0,25,1440,short,MacIntel,PUPPY,240167,240267,240217
Mozilla,Netscape,"5.0 (Macintosh; Intel Mac OS X 10_15_7) AppleWebKit/605.1.15 (KHTML, like Gecko) Version/15.1 Safari/605.1.15",Inc_Synth_Nat,incongruent,1,A,03-10-22,03-10-22,15:38:16,0,0,0,0,0,789,3.6.1,harp,240,,729,822,1440,24,900,24,0,25,1440,short,MacIntel,SNAIL,241751,241851,241801
Mozilla,Netscape,"5.0 (Macintosh; Intel Mac OS X 10_15_7) AppleWebKit/605.1.15 (KHTML, like Gecko) Version/15.1 Safari/605.1.15",Con_Nat,congruent,1,A,03-10-22,03-10-22,15:38:16,0,0,0,0,0,789,3.6.1,corn,240,,1600,822,1440,24,900,24,0,25,1440,short,MacIntel,CORN,243201,243301,243250
Mozilla,Netscape,"5.0 (Macintosh; Intel Mac OS X 10_15_7) AppleWebKit/605.1.15 (KHTML, like Gecko) Version/15.1 Safari/605.1.15",Con_Synth,congruent,1,A,03-10-22,03-10-22,15:38:16,0,0,0,0,0,789,3.6.1,tower,240,,1699,822,1440,24,900,24,0,25,1440,short,MacIntel,TOWER,245535,245633,245584
Mozilla,Netscape,"5.0 (Macintosh; Intel Mac OS X 10_15_7) AppleWebKit/605.1.15 (KHTML, like Gecko) Version/15.1 Safari/605.1.15",Inc_Nat_Synth,incongruent,1,A,03-10-22,03-10-22,15:38:16,0,0,0,0,0,789,3.6.1,water,240,,658,822,1440,24,900,24,0,25,1440,short,MacIntel,MEDAL,247968,248068,248018
Mozilla,Netscape,"5.0 (Macintosh; Intel Mac OS X 10_15_7) AppleWebKit/605.1.15 (KHTML, like Gecko) Version/15.1 Safari/605.1.15",Con_Synth,congruent,1,A,03-10-22,03-10-22,15:38:16,0,0,0,0,0,789,3.6.1,toast,240,,1397,822,1440,24,900,24,0,25,1440,short,MacIntel,TOAST,249351,249451,249401
Mozilla,Netscape,"5.0 (Macintosh; Intel Mac OS X 10_15_7) AppleWebKit/605.1.15 (KHTML, like Gecko) Version/15.1 Safari/605.1.15",Inc_Nat_Nat,incongruent,0,A,03-10-22,03-10-22,15:38:16,0,0,0,0,0,789,3.6.1,fern,240,,1502,822,1440,24,900,24,0,25,1440,short,MacIntel,PETAL,251468,251568,251518
Mozilla,Netscape,"5.0 (Macintosh; Intel Mac OS X 10_15_7) AppleWebKit/605.1.15 (KHTML, like Gecko) Version/15.1 Safari/605.1.15",Con_Synth,congruent,1,A,03-10-22,03-10-22,15:38:16,0,0,0,0,0,789,3.6.1,coat,240,,971,822,1440,24,900,24,0,25,1440,short,MacIntel,COAT,253702,253801,253751
Mozilla,Netscape,"5.0 (Macintosh; Intel Mac OS X 10_15_7) AppleWebKit/605.1.15 (KHTML, like Gecko) Version/15.1 Safari/605.1.15",Con_Synth,congruent,1,A,03-10-22,03-10-22,15:38:16,0,0,0,0,0,789,3.6.1,belt,240,,833,822,1440,24,900,24,0,25,1440,short,MacIntel,BELT,255402,255502,255451
Mozilla,Netscape,"5.0 (Macintosh; Intel Mac OS X 10_15_7) AppleWebKit/605.1.15 (KHTML, like Gecko) Version/15.1 Safari/605.1.15",Inc_Synth_Nat,incongruent,1,A,03-10-22,03-10-22,15:38:16,0,0,0,0,0,789,3.6.1,ruler,240,,1175,822,1440,24,900,24,0,25,1440,short,MacIntel,PANSY,256969,257069,257018
Mozilla,Netscape,"5.0 (Macintosh; Intel Mac OS X 10_15_7) AppleWebKit/605.1.15 (KHTML, like Gecko) Version/15.1 Safari/605.1.15",Inc_Synth_Nat,incongruent,1,A,03-10-22,03-10-22,15:38:16,0,0,0,0,0,789,3.6.1,arena,240,,1186,822,1440,24,900,24,0,25,1440,short,MacIntel,VINE,258868,258969,258919
Mozilla,Netscape,"5.0 (Macintosh; Intel Mac OS X 10_15_7) AppleWebKit/605.1.15 (KHTML, like Gecko) Version/15.1 Safari/605.1.15",Con_Nat,congruent,1,A,03-10-22,03-10-22,15:38:16,0,0,0,0,0,789,3.6.1,pear,240,,753,822,1440,24,900,24,0,25,1440,long,MacIntel,PEAR,258868,282320,282270
Mozilla,Netscape,"5.0 (Macintosh; Intel Mac OS X 10_15_7) AppleWebKit/605.1.15 (KHTML, like Gecko) Version/15.1 Safari/605.1.15",Con_Nat,congruent,1,A,03-10-22,03-10-22,15:38:16,0,0,0,0,0,789,3.6.1,boar,240,,796,822,1440,24,900,24,0,25,1440,long,MacIntel,BOAR,258868,283837,283786
Mozilla,Netscape,"5.0 (Macintosh; Intel Mac OS X 10_15_7) AppleWebKit/605.1.15 (KHTML, like Gecko) Version/15.1 Safari/605.1.15",Inc_Synth_Synth,incongruent,0,A,03-10-22,03-10-22,15:38:16,0,0,0,0,0,789,3.6.1,bell,240,,911,822,1440,24,900,24,0,25,1440,long,MacIntel,WHEEL,258868,285387,285337
Mozilla,Netscape,"5.0 (Macintosh; Intel Mac OS X 10_15_7) AppleWebKit/605.1.15 (KHTML, like Gecko) Version/15.1 Safari/605.1.15",Inc_Synth_Nat,incongruent,1,A,03-10-22,03-10-22,15:38:16,0,0,0,0,0,789,3.6.1,mall,240,,806,822,1440,24,900,24,0,25,1440,long,MacIntel,BUSH,258868,287054,287004
Mozilla,Netscape,"5.0 (Macintosh; Intel Mac OS X 10_15_7) AppleWebKit/605.1.15 (KHTML, like Gecko) Version/15.1 Safari/605.1.15",Con_Synth,congruent,1,A,03-10-22,03-10-22,15:38:16,0,0,0,0,0,789,3.6.1,broom,240,,969,822,1440,24,900,24,0,25,1440,long,MacIntel,BROOM,258868,288621,288571
Mozilla,Netscape,"5.0 (Macintosh; Intel Mac OS X 10_15_7) AppleWebKit/605.1.15 (KHTML, like Gecko) Version/15.1 Safari/605.1.15",Inc_Nat_Synth,incongruent,1,A,03-10-22,03-10-22,15:38:16,0,0,0,0,0,789,3.6.1,cloud,240,,687,822,1440,24,900,24,0,25,1440,long,MacIntel,MOTEL,258868,290354,290304
Mozilla,Netscape,"5.0 (Macintosh; Intel Mac OS X 10_15_7) AppleWebKit/605.1.15 (KHTML, like Gecko) Version/15.1 Safari/605.1.15",Con_Nat,congruent,1,A,03-10-22,03-10-22,15:38:16,0,0,0,0,0,789,3.6.1,plum,240,,669,822,1440,24,900,24,0,25,1440,long,MacIntel,PLUM,258868,291804,291754
Mozilla,Netscape,"5.0 (Macintosh; Intel Mac OS X 10_15_7) AppleWebKit/605.1.15 (KHTML, like Gecko) Version/15.1 Safari/605.1.15",Inc_Nat_Synth,incongruent,1,A,03-10-22,03-10-22,15:38:16,0,0,0,0,0,789,3.6.1,eagle,240,,897,822,1440,24,900,24,0,25,1440,long,MacIntel,WAGON,258868,293238,293188
Mozilla,Netscape,"5.0 (Macintosh; Intel Mac OS X 10_15_7) AppleWebKit/605.1.15 (KHTML, like Gecko) Version/15.1 Safari/605.1.15",Con_Nat,congruent,1,A,03-10-22,03-10-22,15:38:16,0,0,0,0,0,789,3.6.1,peas,240,,1069,822,1440,24,900,24,0,25,1440,long,MacIntel,PEAS,258868,294888,294838
Mozilla,Netscape,"5.0 (Macintosh; Intel Mac OS X 10_15_7) AppleWebKit/605.1.15 (KHTML, like Gecko) Version/15.1 Safari/605.1.15",Con_Synth,congruent,1,A,03-10-22,03-10-22,15:38:16,0,0,0,0,0,789,3.6.1,tongs,240,,936,822,1440,24,900,24,0,25,1440,long,MacIntel,TONGS,258868,296721,296671
Mozilla,Netscape,"5.0 (Macintosh; Intel Mac OS X 10_15_7) AppleWebKit/605.1.15 (KHTML, like Gecko) Version/15.1 Safari/605.1.15",Inc_Nat_Synth,incongruent,1,A,03-10-22,03-10-22,15:38:16,0,0,0,0,0,789,3.6.1,flood,240,,935,822,1440,24,900,24,0,25,1440,long,MacIntel,SKIRT,258868,298421,298372
Mozilla,Netscape,"5.0 (Macintosh; Intel Mac OS X 10_15_7) AppleWebKit/605.1.15 (KHTML, like Gecko) Version/15.1 Safari/605.1.15",Con_Nat,congruent,1,A,03-10-22,03-10-22,15:38:16,0,0,0,0,0,789,3.6.1,moss,240,,686,822,1440,24,900,24,0,25,1440,long,MacIntel,MOSS,258868,300121,300071
Mozilla,Netscape,"5.0 (Macintosh; Intel Mac OS X 10_15_7) AppleWebKit/605.1.15 (KHTML, like Gecko) Version/15.1 Safari/605.1.15",Con_Synth,congruent,0,A,03-10-22,03-10-22,15:38:16,0,0,0,0,0,789,3.6.1,stove,240,,1144,822,1440,24,900,24,0,25,1440,long,MacIntel,STOVE,258868,301571,301522
Mozilla,Netscape,"5.0 (Macintosh; Intel Mac OS X 10_15_7) AppleWebKit/605.1.15 (KHTML, like Gecko) Version/15.1 Safari/605.1.15",Con_Synth,congruent,0,A,03-10-22,03-10-22,15:38:16,0,0,0,0,0,789,3.6.1,linen,240,,2014,822,1440,24,900,24,0,25,1440,long,MacIntel,LINEN,258868,303471,303421
Mozilla,Netscape,"5.0 (Macintosh; Intel Mac OS X 10_15_7) AppleWebKit/605.1.15 (KHTML, like Gecko) Version/15.1 Safari/605.1.15",Con_Synth,congruent,1,A,03-10-22,03-10-22,15:38:16,0,0,0,0,0,789,3.6.1,canon,240,,778,822,1440,24,900,24,0,25,1440,long,MacIntel,CANON,258868,306238,306189
Mozilla,Netscape,"5.0 (Macintosh; Intel Mac OS X 10_15_7) AppleWebKit/605.1.15 (KHTML, like Gecko) Version/15.1 Safari/605.1.15",Inc_Synth_Nat,incongruent,1,A,03-10-22,03-10-22,15:38:16,0,0,0,0,0,789,3.6.1,bowl,240,,730,822,1440,24,900,24,0,25,1440,long,MacIntel,WOLF,258868,307772,307722
Mozilla,Netscape,"5.0 (Macintosh; Intel Mac OS X 10_15_7) AppleWebKit/605.1.15 (KHTML, like Gecko) Version/15.1 Safari/605.1.15",Inc_Synth_Nat,incongruent,1,A,03-10-22,03-10-22,15:38:16,0,0,0,0,0,789,3.6.1,barn,240,,1263,822,1440,24,900,24,0,25,1440,long,MacIntel,TUNA,258868,309255,309205
Mozilla,Netscape,"5.0 (Macintosh; Intel Mac OS X 10_15_7) AppleWebKit/605.1.15 (KHTML, like Gecko) Version/15.1 Safari/605.1.15",Con_Nat,congruent,1,A,03-10-22,03-10-22,15:38:16,0,0,0,0,0,789,3.6.1,clam,240,,767,822,1440,24,900,24,0,25,1440,long,MacIntel,CLAM,258868,311272,311222
Mozilla,Netscape,"5.0 (Macintosh; Intel Mac OS X 10_15_7) AppleWebKit/605.1.15 (KHTML, like Gecko) Version/15.1 Safari/605.1.15",Con_Synth,congruent,1,A,03-10-22,03-10-22,15:38:16,0,0,0,0,0,789,3.6.1,arrow,240,,832,822,1440,24,900,24,0,25,1440,long,MacIntel,ARROW,258868,312806,312756
Mozilla,Netscape,"5.0 (Macintosh; Intel Mac OS X 10_15_7) AppleWebKit/605.1.15 (KHTML, like Gecko) Version/15.1 Safari/605.1.15",Con_Synth,congruent,1,A,03-10-22,03-10-22,15:38:16,0,0,0,0,0,789,3.6.1,flute,240,,853,822,1440,24,900,24,0,25,1440,long,MacIntel,FLUTE,258868,314406,314356
Mozilla,Netscape,"5.0 (Macintosh; Intel Mac OS X 10_15_7) AppleWebKit/605.1.15 (KHTML, like Gecko) Version/15.1 Safari/605.1.15",Inc_Nat_Nat,incongruent,1,A,03-10-22,03-10-22,15:38:16,0,0,0,0,0,789,3.6.1,shark,240,,1016,822,1440,24,900,24,0,25,1440,long,MacIntel,HILL,258868,316022,315972
Mozilla,Netscape,"5.0 (Macintosh; Intel Mac OS X 10_15_7) AppleWebKit/605.1.15 (KHTML, like Gecko) Version/15.1 Safari/605.1.15",Inc_Nat_Nat,incongruent,0,A,03-10-22,03-10-22,15:38:16,0,0,0,0,0,789,3.6.1,fruit,240,,974,822,1440,24,900,24,0,25,1440,long,MacIntel,BEAR,258868,317806,317756
Mozilla,Netscape,"5.0 (Macintosh; Intel Mac OS X 10_15_7) AppleWebKit/605.1.15 (KHTML, like Gecko) Version/15.1 Safari/605.1.15",Inc_Synth_Synth,incongruent,0,A,03-10-22,03-10-22,15:38:16,0,0,0,0,0,789,3.6.1,taxi,240,,884,822,1440,24,900,24,0,25,1440,long,MacIntel,CHAIN,258868,319539,319490
Mozilla,Netscape,"5.0 (Macintosh; Intel Mac OS X 10_15_7) AppleWebKit/605.1.15 (KHTML, like Gecko) Version/15.1 Safari/605.1.15",Con_Nat,congruent,1,A,03-10-22,03-10-22,15:38:16,0,0,0,0,0,789,3.6.1,earth,240,,858,822,1440,24,900,24,0,25,1440,long,MacIntel,EARTH,258868,321189,321139
Mozilla,Netscape,"5.0 (Macintosh; Intel Mac OS X 10_15_7) AppleWebKit/605.1.15 (KHTML, like Gecko) Version/15.1 Safari/605.1.15",Inc_Synth_Synth,incongruent,0,A,03-10-22,03-10-22,15:38:16,0,0,0,0,0,789,3.6.1,cake,240,,779,822,1440,24,900,24,0,25,1440,long,MacIntel,TRASH,258868,322823,322773
Mozilla,Netscape,"5.0 (Macintosh; Intel Mac OS X 10_15_7) AppleWebKit/605.1.15 (KHTML, like Gecko) Version/15.1 Safari/605.1.15",Con_Synth,congruent,0,A,03-10-22,03-10-22,15:38:16,0,0,0,0,0,789,3.6.1,flask,240,,789,822,1440,24,900,24,0,25,1440,long,MacIntel,FLASK,258868,324355,324317
Mozilla,Netscape,"5.0 (Macintosh; Intel Mac OS X 10_15_7) AppleWebKit/605.1.15 (KHTML, like Gecko) Version/15.1 Safari/605.1.15",Inc_Nat_Synth,incongruent,1,A,03-10-22,03-10-22,15:38:16,0,0,0,0,0,789,3.6.1,olive,240,,1845,822,1440,24,900,24,0,25,1440,long,MacIntel,MOTOR,258868,325906,325857
Mozilla,Netscape,"5.0 (Macintosh; Intel Mac OS X 10_15_7) AppleWebKit/605.1.15 (KHTML, like Gecko) Version/15.1 Safari/605.1.15",Con_Synth,congruent,1,A,03-10-22,03-10-22,15:38:16,0,0,0,0,0,789,3.6.1,ferry,240,,598,822,1440,24,900,24,0,25,1440,long,MacIntel,FERRY,258868,328505,328455
Mozilla,Netscape,"5.0 (Macintosh; Intel Mac OS X 10_15_7) AppleWebKit/605.1.15 (KHTML, like Gecko) Version/15.1 Safari/605.1.15",Con_Synth,congruent,1,A,03-10-22,03-10-22,15:38:16,0,0,0,0,0,789,3.6.1,canoe,240,,1272,822,1440,24,900,24,0,25,1440,long,MacIntel,CANOE,258868,329855,329805
Mozilla,Netscape,"5.0 (Macintosh; Intel Mac OS X 10_15_7) AppleWebKit/605.1.15 (KHTML, like Gecko) Version/15.1 Safari/605.1.15",Inc_Synth_Synth,incongruent,0,A,03-10-22,03-10-22,15:38:16,0,0,0,0,0,789,3.6.1,roof,240,,1064,822,1440,24,900,24,0,25,1440,long,MacIntel,PIANO,258868,331889,331839
Mozilla,Netscape,"5.0 (Macintosh; Intel Mac OS X 10_15_7) AppleWebKit/605.1.15 (KHTML, like Gecko) Version/15.1 Safari/605.1.15",Inc_Synth_Nat,incongruent,1,A,03-10-22,03-10-22,15:38:16,0,0,0,0,0,789,3.6.1,soap,240,,969,822,1440,24,900,24,0,25,1440,long,MacIntel,PONY,258868,333705,333655
Mozilla,Netscape,"5.0 (Macintosh; Intel Mac OS X 10_15_7) AppleWebKit/605.1.15 (KHTML, like Gecko) Version/15.1 Safari/605.1.15",Inc_Nat_Nat,incongruent,0,A,03-10-22,03-10-22,15:38:16,0,0,0,0,0,789,3.6.1,bunny,240,,581,822,1440,24,900,24,0,25,1440,long,MacIntel,ROSE,258868,335438,335388
Mozilla,Netscape,"5.0 (Macintosh; Intel Mac OS X 10_15_7) AppleWebKit/605.1.15 (KHTML, like Gecko) Version/15.1 Safari/605.1.15",Con_Synth,congruent,1,A,03-10-22,03-10-22,15:38:16,0,0,0,0,0,789,3.6.1,stair,240,,850,822,1440,24,900,24,0,25,1440,long,MacIntel,STAIR,258868,336756,336705
Mozilla,Netscape,"5.0 (Macintosh; Intel Mac OS X 10_15_7) AppleWebKit/605.1.15 (KHTML, like Gecko) Version/15.1 Safari/605.1.15",Inc_Nat_Nat,incongruent,0,A,03-10-22,03-10-22,15:38:16,0,0,0,0,0,789,3.6.1,lemon,240,,641,822,1440,24,900,24,0,25,1440,long,MacIntel,DUCK,258868,338373,338323
Mozilla,Netscape,"5.0 (Macintosh; Intel Mac OS X 10_15_7) AppleWebKit/605.1.15 (KHTML, like Gecko) Version/15.1 Safari/605.1.15",Con_Synth,congruent,1,A,03-10-22,03-10-22,15:38:16,0,0,0,0,0,789,3.6.1,crate,240,,1168,822,1440,24,900,24,0,25,1440,long,MacIntel,CRATE,258868,339772,339723
Mozilla,Netscape,"5.0 (Macintosh; Intel Mac OS X 10_15_7) AppleWebKit/605.1.15 (KHTML, like Gecko) Version/15.1 Safari/605.1.15",Con_Nat,congruent,1,A,03-10-22,03-10-22,15:38:16,0,0,0,0,0,789,3.6.1,slug,240,,638,822,1440,24,900,24,0,25,1440,long,MacIntel,SLUG,258868,341705,341655
Mozilla,Netscape,"5.0 (Macintosh; Intel Mac OS X 10_15_7) AppleWebKit/605.1.15 (KHTML, like Gecko) Version/15.1 Safari/605.1.15",Con_Nat,congruent,1,A,03-10-22,03-10-22,15:38:16,0,0,0,0,0,789,3.6.1,hare,240,,754,822,1440,24,900,24,0,25,1440,long,MacIntel,HARE,258868,343089,343039
Mozilla,Netscape,"5.0 (Macintosh; Intel Mac OS X 10_15_7) AppleWebKit/605.1.15 (KHTML, like Gecko) Version/15.1 Safari/605.1.15",Con_Nat,congruent,1,A,03-10-22,03-10-22,15:38:16,0,0,0,0,0,789,3.6.1,reef,240,,928,822,1440,24,900,24,0,25,1440,long,MacIntel,REEF,258868,344606,344556
Mozilla,Netscape,"5.0 (Macintosh; Intel Mac OS X 10_15_7) AppleWebKit/605.1.15 (KHTML, like Gecko) Version/15.1 Safari/605.1.15",Inc_Synth_Nat,incongruent,1,A,03-10-22,03-10-22,15:38:16,0,0,0,0,0,789,3.6.1,sink,240,,574,822,1440,24,900,24,0,25,1440,long,MacIntel,LAMB,258868,346273,346239
Mozilla,Netscape,"5.0 (Macintosh; Intel Mac OS X 10_15_7) AppleWebKit/605.1.15 (KHTML, like Gecko) Version/15.1 Safari/605.1.15",Inc_Synth_Nat,incongruent,1,A,03-10-22,03-10-22,15:38:16,0,0,0,0,0,789,3.6.1,fort,240,,556,822,1440,24,900,24,0,25,1440,long,MacIntel,GOAT,258868,347606,347556
Mozilla,Netscape,"5.0 (Macintosh; Intel Mac OS X 10_15_7) AppleWebKit/605.1.15 (KHTML, like Gecko) Version/15.1 Safari/605.1.15",Con_Synth,congruent,1,A,03-10-22,03-10-22,15:38:16,0,0,0,0,0,789,3.6.1,apron,240,,726,822,1440,24,900,24,0,25,1440,long,MacIntel,APRON,258868,348906,348857
Mozilla,Netscape,"5.0 (Macintosh; Intel Mac OS X 10_15_7) AppleWebKit/605.1.15 (KHTML, like Gecko) Version/15.1 Safari/605.1.15",Con_Synth,congruent,1,A,03-10-22,03-10-22,15:38:16,0,0,0,0,0,789,3.6.1,jeans,240,,637,822,1440,24,900,24,0,25,1440,long,MacIntel,JEANS,258868,350390,350340
Mozilla,Netscape,"5.0 (Macintosh; Intel Mac OS X 10_15_7) AppleWebKit/605.1.15 (KHTML, like Gecko) Version/15.1 Safari/605.1.15",Inc_Nat_Synth,incongruent,1,A,03-10-22,03-10-22,15:38:16,0,0,0,0,0,789,3.6.1,wheat,240,,752,822,1440,24,900,24,0,25,1440,long,MacIntel,BRICK,258868,351791,351742
Mozilla,Netscape,"5.0 (Macintosh; Intel Mac OS X 10_15_7) AppleWebKit/605.1.15 (KHTML, like Gecko) Version/15.1 Safari/605.1.15",Inc_Nat_Nat,incongruent,0,A,03-10-22,03-10-22,15:38:16,0,0,0,0,0,789,3.6.1,ocean,240,,710,822,1440,24,900,24,0,25,1440,long,MacIntel,TREE,258868,353308,353257
Mozilla,Netscape,"5.0 (Macintosh; Intel Mac OS X 10_15_7) AppleWebKit/605.1.15 (KHTML, like Gecko) Version/15.1 Safari/605.1.15",Inc_Synth_Synth,incongruent,0,A,03-10-22,03-10-22,15:38:16,0,0,0,0,0,789,3.6.1,deck,240,,1023,822,1440,24,900,24,0,25,1440,long,MacIntel,PLATE,258868,354775,354725
Mozilla,Netscape,"5.0 (Macintosh; Intel Mac OS X 10_15_7) AppleWebKit/605.1.15 (KHTML, like Gecko) Version/15.1 Safari/605.1.15",Inc_Nat_Synth,incongruent,1,A,03-10-22,03-10-22,15:38:16,0,0,0,0,0,789,3.6.1,swamp,240,,800,822,1440,24,900,24,0,25,1440,long,MacIntel,DRILL,258868,356558,356508
Mozilla,Netscape,"5.0 (Macintosh; Intel Mac OS X 10_15_7) AppleWebKit/605.1.15 (KHTML, like Gecko) Version/15.1 Safari/605.1.15",Inc_Synth_Synth,incongruent,0,A,03-10-22,03-10-22,15:38:16,0,0,0,0,0,789,3.6.1,wire,240,,1155,822,1440,24,900,24,0,25,1440,long,MacIntel,CABIN,258868,358125,358075
Mozilla,Netscape,"5.0 (Macintosh; Intel Mac OS X 10_15_7) AppleWebKit/605.1.15 (KHTML, like Gecko) Version/15.1 Safari/605.1.15",Inc_Nat_Nat,incongruent,0,A,03-10-22,03-10-22,15:38:16,0,0,0,0,0,789,3.6.1,sheep,240,,761,822,1440,24,900,24,0,25,1440,long,MacIntel,BULL,258868,360042,359992
Mozilla,Netscape,"5.0 (Macintosh; Intel Mac OS X 10_15_7) AppleWebKit/605.1.15 (KHTML, like Gecko) Version/15.1 Safari/605.1.15",Con_Nat,congruent,1,A,03-10-22,03-10-22,15:38:16,0,0,0,0,0,789,3.6.1,stone,240,,503,822,1440,24,900,24,0,25,1440,long,MacIntel,STONE,258868,361564,361509
Mozilla,Netscape,"5.0 (Macintosh; Intel Mac OS X 10_15_7) AppleWebKit/605.1.15 (KHTML, like Gecko) Version/15.1 Safari/605.1.15",Con_Synth,congruent,1,A,03-10-22,03-10-22,15:38:16,0,0,0,0,0,789,3.6.1,scarf,240,,671,822,1440,24,900,24,0,25,1440,long,MacIntel,SCARF,258868,362826,362776
Mozilla,Netscape,"5.0 (Macintosh; Intel Mac OS X 10_15_7) AppleWebKit/605.1.15 (KHTML, like Gecko) Version/15.1 Safari/605.1.15",Con_Nat,congruent,1,A,03-10-22,03-10-22,15:38:16,0,0,0,0,0,789,3.6.1,swan,240,,763,822,1440,24,900,24,0,25,1440,long,MacIntel,SWAN,258868,364259,364209
Mozilla,Netscape,"5.0 (Macintosh; Intel Mac OS X 10_15_7) AppleWebKit/605.1.15 (KHTML, like Gecko) Version/15.1 Safari/605.1.15",Inc_Synth_Synth,incongruent,0,A,03-10-22,03-10-22,15:38:16,0,0,0,0,0,789,3.6.1,shoe,240,,661,822,1440,24,900,24,0,25,1440,long,MacIntel,COUCH,258868,365792,365742
Mozilla,Netscape,"5.0 (Macintosh; Intel Mac OS X 10_15_7) AppleWebKit/605.1.15 (KHTML, like Gecko) Version/15.1 Safari/605.1.15",Con_Nat,congruent,1,A,03-10-22,03-10-22,15:38:16,0,0,0,0,0,789,3.6.1,stick,240,,1211,822,1440,24,900,24,0,25,1440,long,MacIntel,STICK,258868,367209,367162
Mozilla,Netscape,"5.0 (Macintosh; Intel Mac OS X 10_15_7) AppleWebKit/605.1.15 (KHTML, like Gecko) Version/15.1 Safari/605.1.15",Inc_Synth_Nat,incongruent,1,A,03-10-22,03-10-22,15:38:16,0,0,0,0,0,789,3.6.1,pipe,240,,708,822,1440,24,900,24,0,25,1440,long,MacIntel,LION,258868,369176,369126
Mozilla,Netscape,"5.0 (Macintosh; Intel Mac OS X 10_15_7) AppleWebKit/605.1.15 (KHTML, like Gecko) Version/15.1 Safari/605.1.15",Inc_Synth_Synth,incongruent,0,A,03-10-22,03-10-22,15:38:16,0,0,0,0,0,789,3.6.1,desk,240,,737,822,1440,24,900,24,0,25,1440,long,MacIntel,CANDY,258868,370643,370593
Mozilla,Netscape,"5.0 (Macintosh; Intel Mac OS X 10_15_7) AppleWebKit/605.1.15 (KHTML, like Gecko) Version/15.1 Safari/605.1.15",Inc_Nat_Nat,incongruent,0,A,03-10-22,03-10-22,15:38:16,0,0,0,0,0,789,3.6.1,storm,240,,839,822,1440,24,900,24,0,25,1440,long,MacIntel,LAND,258868,372143,372093
Mozilla,Netscape,"5.0 (Macintosh; Intel Mac OS X 10_15_7) AppleWebKit/605.1.15 (KHTML, like Gecko) Version/15.1 Safari/605.1.15",Inc_Nat_Synth,incongruent,1,A,03-10-22,03-10-22,15:38:16,0,0,0,0,0,789,3.6.1,moose,240,,1456,822,1440,24,900,24,0,25,1440,long,MacIntel,PORCH,258868,373743,373693
Mozilla,Netscape,"5.0 (Macintosh; Intel Mac OS X 10_15_7) AppleWebKit/605.1.15 (KHTML, like Gecko) Version/15.1 Safari/605.1.15",Con_Nat,congruent,1,A,03-10-22,03-10-22,15:38:16,0,0,0,0,0,789,3.6.1,crab,240,,544,822,1440,24,900,24,0,25,1440,long,MacIntel,CRAB,258868,375960,375910
Mozilla,Netscape,"5.0 (Macintosh; Intel Mac OS X 10_15_7) AppleWebKit/605.1.15 (KHTML, like Gecko) Version/15.1 Safari/605.1.15",Con_Nat,congruent,1,A,03-10-22,03-10-22,15:38:16,0,0,0,0,0,789,3.6.1,wasp,240,,531,822,1440,24,900,24,0,25,1440,long,MacIntel,WASP,258868,377260,377210
Mozilla,Netscape,"5.0 (Macintosh; Intel Mac OS X 10_15_7) AppleWebKit/605.1.15 (KHTML, like Gecko) Version/15.1 Safari/605.1.15",Inc_Nat_Nat,incongruent,0,A,03-10-22,03-10-22,15:38:16,0,0,0,0,0,789,3.6.1,shell,240,,784,822,1440,24,900,24,0,25,1440,long,MacIntel,DIRT,258868,378560,378510
Mozilla,Netscape,"5.0 (Macintosh; Intel Mac OS X 10_15_7) AppleWebKit/605.1.15 (KHTML, like Gecko) Version/15.6.1 Safari/605.1.15",practice,practice,0,None,03-10-22,03-10-22,08:07:21,0,0,0,0,0,788,3.6.1,nvoiuh,240,,1347,823,1440,24,900,24,0,25,1440,practice,MacIntel,HOUSE,28372,28470,28421
Mozilla,Netscape,"5.0 (Macintosh; Intel Mac OS X 10_15_7) AppleWebKit/605.1.15 (KHTML, like Gecko) Version/15.6.1 Safari/605.1.15",practice,practice,0,None,03-10-22,03-10-22,08:07:21,0,0,0,0,0,788,3.6.1,abjdhjs,240,,519,823,1440,24,900,24,0,25,1440,practice,MacIntel,HORSE,30454,30554,30504
Mozilla,Netscape,"5.0 (Macintosh; Intel Mac OS X 10_15_7) AppleWebKit/605.1.15 (KHTML, like Gecko) Version/15.6.1 Safari/605.1.15",practice,practice,0,None,03-10-22,03-10-22,08:07:21,0,0,0,0,0,788,3.6.1,iweonf,240,,2013,823,1440,24,900,24,0,25,1440,practice,MacIntel,BOAT,31720,31820,31770
Mozilla,Netscape,"5.0 (Macintosh; Intel Mac OS X 10_15_7) AppleWebKit/605.1.15 (KHTML, like Gecko) Version/15.6.1 Safari/605.1.15",practice,practice,1,None,03-10-22,03-10-22,08:07:21,0,0,0,0,0,788,3.6.1,snjghf,240,,847,823,1440,24,900,24,0,25,1440,practice,MacIntel,SHEEP,34454,34553,34504
Mozilla,Netscape,"5.0 (Macintosh; Intel Mac OS X 10_15_7) AppleWebKit/605.1.15 (KHTML, like Gecko) Version/15.6.1 Safari/605.1.15",Con_Synth,congruent,1,A,03-10-22,03-10-22,08:07:21,0,0,0,0,0,788,3.6.1,mail,240,,782,823,1440,24,900,24,0,25,1440,short,MacIntel,MAIL,40121,40221,40171
Mozilla,Netscape,"5.0 (Macintosh; Intel Mac OS X 10_15_7) AppleWebKit/605.1.15 (KHTML, like Gecko) Version/15.6.1 Safari/605.1.15",Con_Synth,congruent,0,A,03-10-22,03-10-22,08:07:21,0,0,0,0,0,788,3.6.1,sword,240,,823,823,1440,24,900,24,0,25,1440,short,MacIntel,SWORD,41638,41738,41688
Mozilla,Netscape,"5.0 (Macintosh; Intel Mac OS X 10_15_7) AppleWebKit/605.1.15 (KHTML, like Gecko) Version/15.6.1 Safari/605.1.15",Inc_Synth_Synth,incongruent,0,A,03-10-22,03-10-22,08:07:21,0,0,0,0,0,788,3.6.1,silo,240,,831,823,1440,24,900,24,0,25,1440,short,MacIntel,PLAZA,43188,43288,43238
Mozilla,Netscape,"5.0 (Macintosh; Intel Mac OS X 10_15_7) AppleWebKit/605.1.15 (KHTML, like Gecko) Version/15.6.1 Safari/605.1.15",Con_Nat,congruent,0,A,03-10-22,03-10-22,08:07:21,0,0,0,0,0,788,3.6.1,hawk,240,,934,823,1440,24,900,24,0,25,1440,short,MacIntel,HAWK,44737,44838,44788
Mozilla,Netscape,"5.0 (Macintosh; Intel Mac OS X 10_15_7) AppleWebKit/605.1.15 (KHTML, like Gecko) Version/15.6.1 Safari/605.1.15",Con_Nat,congruent,1,A,03-10-22,03-10-22,08:07:21,0,0,0,0,0,788,3.6.1,whale,240,,744,823,1440,24,900,24,0,25,1440,short,MacIntel,WHALE,46405,46504,46454
Mozilla,Netscape,"5.0 (Macintosh; Intel Mac OS X 10_15_7) AppleWebKit/605.1.15 (KHTML, like Gecko) Version/15.6.1 Safari/605.1.15",Con_Synth,congruent,1,A,03-10-22,03-10-22,08:07:21,0,0,0,0,0,788,3.6.1,toast,240,,681,823,1440,24,900,24,0,25,1440,short,MacIntel,TOAST,47871,47971,47921
Mozilla,Netscape,"5.0 (Macintosh; Intel Mac OS X 10_15_7) AppleWebKit/605.1.15 (KHTML, like Gecko) Version/15.6.1 Safari/605.1.15",Con_Nat,congruent,0,A,03-10-22,03-10-22,08:07:21,0,0,0,0,0,788,3.6.1,grass,240,,581,823,1440,24,900,24,0,25,1440,short,MacIntel,GRASS,49288,49387,49337
Mozilla,Netscape,"5.0 (Macintosh; Intel Mac OS X 10_15_7) AppleWebKit/605.1.15 (KHTML, like Gecko) Version/15.6.1 Safari/605.1.15",Con_Nat,congruent,1,A,03-10-22,03-10-22,08:07:21,0,0,0,0,0,788,3.6.1,deer,240,,863,823,1440,24,900,24,0,25,1440,short,MacIntel,DEER,50588,50688,50640
Mozilla,Netscape,"5.0 (Macintosh; Intel Mac OS X 10_15_7) AppleWebKit/605.1.15 (KHTML, like Gecko) Version/15.6.1 Safari/605.1.15",Con_Synth,congruent,1,A,03-10-22,03-10-22,08:07:21,0,0,0,0,0,788,3.6.1,rope,240,,753,823,1440,24,900,24,0,25,1440,short,MacIntel,ROPE,52172,52271,52221
Mozilla,Netscape,"5.0 (Macintosh; Intel Mac OS X 10_15_7) AppleWebKit/605.1.15 (KHTML, like Gecko) Version/15.6.1 Safari/605.1.15",Con_Nat,congruent,1,A,03-10-22,03-10-22,08:07:21,0,0,0,0,0,788,3.6.1,cave,240,,1076,823,1440,24,900,24,0,25,1440,short,MacIntel,CAVE,53655,53755,53705
Mozilla,Netscape,"5.0 (Macintosh; Intel Mac OS X 10_15_7) AppleWebKit/605.1.15 (KHTML, like Gecko) Version/15.6.1 Safari/605.1.15",Inc_Synth_Nat,incongruent,0,A,03-10-22,03-10-22,08:07:21,0,0,0,0,0,788,3.6.1,rake,240,,812,823,1440,24,900,24,0,25,1440,short,MacIntel,HUSKY,55454,55555,55505
Mozilla,Netscape,"5.0 (Macintosh; Intel Mac OS X 10_15_7) AppleWebKit/605.1.15 (KHTML, like Gecko) Version/15.6.1 Safari/605.1.15",Con_Synth,congruent,1,A,03-10-22,03-10-22,08:07:21,0,0,0,0,0,788,3.6.1,paint,240,,772,823,1440,24,900,24,0,25,1440,short,MacIntel,PAINT,56989,57088,57038
Mozilla,Netscape,"5.0 (Macintosh; Intel Mac OS X 10_15_7) AppleWebKit/605.1.15 (KHTML, like Gecko) Version/15.6.1 Safari/605.1.15",Con_Synth,congruent,1,A,03-10-22,03-10-22,08:07:21,0,0,0,0,0,788,3.6.1,drug,240,,1270,823,1440,24,900,24,0,25,1440,short,MacIntel,DRUG,58489,58589,58538
Mozilla,Netscape,"5.0 (Macintosh; Intel Mac OS X 10_15_7) AppleWebKit/605.1.15 (KHTML, like Gecko) Version/15.6.1 Safari/605.1.15",Inc_Nat_Synth,incongruent,1,A,03-10-22,03-10-22,08:07:21,0,0,0,0,0,788,3.6.1,toad,240,,861,823,1440,24,900,24,0,25,1440,short,MacIntel,GLOVE,60489,60589,60538
Mozilla,Netscape,"5.0 (Macintosh; Intel Mac OS X 10_15_7) AppleWebKit/605.1.15 (KHTML, like Gecko) Version/15.6.1 Safari/605.1.15",Inc_Nat_Nat,incongruent,0,A,03-10-22,03-10-22,08:07:21,0,0,0,0,0,788,3.6.1,grape,240,,827,823,1440,24,900,24,0,25,1440,short,MacIntel,LLAMA,62072,62172,62122
Mozilla,Netscape,"5.0 (Macintosh; Intel Mac OS X 10_15_7) AppleWebKit/605.1.15 (KHTML, like Gecko) Version/15.6.1 Safari/605.1.15",Nat_Nat_Synth,incongruent,0,A,03-10-22,03-10-22,08:07:21,0,0,0,0,0,788,3.6.1,finch,240,,901,823,1440,24,900,24,0,25,1440,short,MacIntel,SLOTH,63622,63722,63672
Mozilla,Netscape,"5.0 (Macintosh; Intel Mac OS X 10_15_7) AppleWebKit/605.1.15 (KHTML, like Gecko) Version/15.6.1 Safari/605.1.15",Con_Synth,congruent,1,A,03-10-22,03-10-22,08:07:21,0,0,0,0,0,788,3.6.1,belt,240,,653,823,1440,24,900,24,0,25,1440,short,MacIntel,BELT,65256,65355,65304
Mozilla,Netscape,"5.0 (Macintosh; Intel Mac OS X 10_15_7) AppleWebKit/605.1.15 (KHTML, like Gecko) Version/15.6.1 Safari/605.1.15",Con_Nat,congruent,1,A,03-10-22,03-10-22,08:07:21,0,0,0,0,0,788,3.6.1,tiger,240,,680,823,1440,24,900,24,0,25,1440,short,MacIntel,TIGER,66639,66739,66689
Mozilla,Netscape,"5.0 (Macintosh; Intel Mac OS X 10_15_7) AppleWebKit/605.1.15 (KHTML, like Gecko) Version/15.6.1 Safari/605.1.15",Con_Nat,congruent,1,A,03-10-22,03-10-22,08:07:21,0,0,0,0,0,788,3.6.1,seed,240,,1179,823,1440,24,900,24,0,25,1440,short,MacIntel,SEED,68056,68156,68106
Mozilla,Netscape,"5.0 (Macintosh; Intel Mac OS X 10_15_7) AppleWebKit/605.1.15 (KHTML, like Gecko) Version/15.6.1 Safari/605.1.15",Inc_Nat_Synth,incongruent,1,A,03-10-22,03-10-22,08:07:21,0,0,0,0,0,788,3.6.1,crow,240,,833,823,1440,24,900,24,0,25,1440,short,MacIntel,YACHT,69956,70056,70006
Mozilla,Netscape,"5.0 (Macintosh; Intel Mac OS X 10_15_7) AppleWebKit/605.1.15 (KHTML, like Gecko) Version/15.6.1 Safari/605.1.15",Inc_Synth_Nat,incongruent,0,A,03-10-22,03-10-22,08:07:21,0,0,0,0,0,788,3.6.1,rail,240,,1003,823,1440,24,900,24,0,25,1440,short,MacIntel,SQUID,71522,71622,71573
Mozilla,Netscape,"5.0 (Macintosh; Intel Mac OS X 10_15_7) AppleWebKit/605.1.15 (KHTML, like Gecko) Version/15.6.1 Safari/605.1.15",Con_Synth,congruent,1,A,03-10-22,03-10-22,08:07:21,0,0,0,0,0,788,3.6.1,coat,240,,735,823,1440,24,900,24,0,25,1440,short,MacIntel,COAT,73256,73356,73306
Mozilla,Netscape,"5.0 (Macintosh; Intel Mac OS X 10_15_7) AppleWebKit/605.1.15 (KHTML, like Gecko) Version/15.6.1 Safari/605.1.15",Con_Nat,congruent,1,A,03-10-22,03-10-22,08:07:21,0,0,0,0,0,788,3.6.1,creek,240,,1139,823,1440,24,900,24,0,25,1440,short,MacIntel,CREEK,74723,74822,74773
Mozilla,Netscape,"5.0 (Macintosh; Intel Mac OS X 10_15_7) AppleWebKit/605.1.15 (KHTML, like Gecko) Version/15.6.1 Safari/605.1.15",Con_Synth,congruent,1,A,03-10-22,03-10-22,08:07:21,0,0,0,0,0,788,3.6.1,doll,240,,1000,823,1440,24,900,24,0,25,1440,short,MacIntel,DOLL,76589,76690,76640
Mozilla,Netscape,"5.0 (Macintosh; Intel Mac OS X 10_15_7) AppleWebKit/605.1.15 (KHTML, like Gecko) Version/15.6.1 Safari/605.1.15",Con_Synth,congruent,1,A,03-10-22,03-10-22,08:07:21,0,0,0,0,0,788,3.6.1,bike,240,,654,823,1440,24,900,24,0,25,1440,short,MacIntel,BIKE,78323,78423,78373
Mozilla,Netscape,"5.0 (Macintosh; Intel Mac OS X 10_15_7) AppleWebKit/605.1.15 (KHTML, like Gecko) Version/15.6.1 Safari/605.1.15",Con_Synth,congruent,1,A,03-10-22,03-10-22,08:07:21,0,0,0,0,0,788,3.6.1,cable,240,,729,823,1440,24,900,24,0,25,1440,short,MacIntel,CABLE,79706,79806,79756
Mozilla,Netscape,"5.0 (Macintosh; Intel Mac OS X 10_15_7) AppleWebKit/605.1.15 (KHTML, like Gecko) Version/15.6.1 Safari/605.1.15",Inc_Synth_Synth,incongruent,0,A,03-10-22,03-10-22,08:07:21,0,0,0,0,0,788,3.6.1,kiosk,240,,741,823,1440,24,900,24,0,25,1440,short,MacIntel,SOFA,81157,81256,81206
Mozilla,Netscape,"5.0 (Macintosh; Intel Mac OS X 10_15_7) AppleWebKit/605.1.15 (KHTML, like Gecko) Version/15.6.1 Safari/605.1.15",Inc_Synth_Nat,incongruent,1,A,03-10-22,03-10-22,08:07:21,0,0,0,0,0,788,3.6.1,spear,240,,852,823,1440,24,900,24,0,25,1440,short,MacIntel,MOTH,82623,82723,82673
Mozilla,Netscape,"5.0 (Macintosh; Intel Mac OS X 10_15_7) AppleWebKit/605.1.15 (KHTML, like Gecko) Version/15.6.1 Safari/605.1.15",Con_Nat,congruent,1,A,03-10-22,03-10-22,08:07:21,0,0,0,0,0,788,3.6.1,frog,240,,748,823,1440,24,900,24,0,25,1440,short,MacIntel,FROG,84207,84307,84257
Mozilla,Netscape,"5.0 (Macintosh; Intel Mac OS X 10_15_7) AppleWebKit/605.1.15 (KHTML, like Gecko) Version/15.6.1 Safari/605.1.15",Inc_Nat_Nat,incongruent,0,A,03-10-22,03-10-22,08:07:21,0,0,0,0,0,788,3.6.1,berry,240,,763,823,1440,24,900,24,0,25,1440,short,MacIntel,OTTER,85690,85790,85740
Mozilla,Netscape,"5.0 (Macintosh; Intel Mac OS X 10_15_7) AppleWebKit/605.1.15 (KHTML, like Gecko) Version/15.6.1 Safari/605.1.15",Inc_Nat_Nat,incongruent,1,A,03-10-22,03-10-22,08:07:21,0,0,0,0,0,788,3.6.1,lime,240,,1423,823,1440,24,900,24,0,25,1440,short,MacIntel,GULLY,87174,87273,87223
Mozilla,Netscape,"5.0 (Macintosh; Intel Mac OS X 10_15_7) AppleWebKit/605.1.15 (KHTML, like Gecko) Version/15.6.1 Safari/605.1.15",Con_Synth,congruent,1,A,03-10-22,03-10-22,08:07:21,0,0,0,0,0,788,3.6.1,gate,240,,814,823,1440,24,900,24,0,25,1440,short,MacIntel,GATE,89324,89424,89374
Mozilla,Netscape,"5.0 (Macintosh; Intel Mac OS X 10_15_7) AppleWebKit/605.1.15 (KHTML, like Gecko) Version/15.6.1 Safari/605.1.15",Inc_Nat_Synth,incongruent,1,A,03-10-22,03-10-22,08:07:21,0,0,0,0,0,788,3.6.1,peach,240,,901,823,1440,24,900,24,0,25,1440,short,MacIntel,SHED,90857,90957,90907
Mozilla,Netscape,"5.0 (Macintosh; Intel Mac OS X 10_15_7) AppleWebKit/605.1.15 (KHTML, like Gecko) Version/15.6.1 Safari/605.1.15",Inc_Synth_Nat,incongruent,0,A,03-10-22,03-10-22,08:07:21,0,0,0,0,0,788,3.6.1,arena,240,,892,823,1440,24,900,24,0,25,1440,short,MacIntel,VINE,92491,92590,92539
Mozilla,Netscape,"5.0 (Macintosh; Intel Mac OS X 10_15_7) AppleWebKit/605.1.15 (KHTML, like Gecko) Version/15.6.1 Safari/605.1.15",Inc_Synth_Synth,incongruent,0,A,03-10-22,03-10-22,08:07:21,0,0,0,0,0,788,3.6.1,sash,240,,1250,823,1440,24,900,24,0,25,1440,short,MacIntel,CLOTH,94108,94208,94157
Mozilla,Netscape,"5.0 (Macintosh; Intel Mac OS X 10_15_7) AppleWebKit/605.1.15 (KHTML, like Gecko) Version/15.6.1 Safari/605.1.15",Con_Nat,congruent,1,A,03-10-22,03-10-22,08:07:21,0,0,0,0,0,788,3.6.1,daisy,240,,992,823,1440,24,900,24,0,25,1440,short,MacIntel,DAISY,96091,96190,96141
Mozilla,Netscape,"5.0 (Macintosh; Intel Mac OS X 10_15_7) AppleWebKit/605.1.15 (KHTML, like Gecko) Version/15.6.1 Safari/605.1.15",Inc_Synth_Nat,incongruent,1,A,03-10-22,03-10-22,08:07:21,0,0,0,0,0,788,3.6.1,sewer,240,,1090,823,1440,24,900,24,0,25,1440,short,MacIntel,CORAL,97808,97907,97858
Mozilla,Netscape,"5.0 (Macintosh; Intel Mac OS X 10_15_7) AppleWebKit/605.1.15 (KHTML, like Gecko) Version/15.6.1 Safari/605.1.15",Inc_Synth_Synth,incongruent,0,A,03-10-22,03-10-22,08:07:21,0,0,0,0,0,788,3.6.1,patio,240,,780,823,1440,24,900,24,0,25,1440,short,MacIntel,SPOON,99624,99724,99674
Mozilla,Netscape,"5.0 (Macintosh; Intel Mac OS X 10_15_7) AppleWebKit/605.1.15 (KHTML, like Gecko) Version/15.6.1 Safari/605.1.15",Inc_Nat_Synth,incongruent,1,A,03-10-22,03-10-22,08:07:21,0,0,0,0,0,788,3.6.1,camel,240,,956,823,1440,24,900,24,0,25,1440,short,MacIntel,BENCH,101124,101224,101174
Mozilla,Netscape,"5.0 (Macintosh; Intel Mac OS X 10_15_7) AppleWebKit/605.1.15 (KHTML, like Gecko) Version/15.6.1 Safari/605.1.15",Con_Nat,congruent,1,A,03-10-22,03-10-22,08:07:21,0,0,0,0,0,788,3.6.1,goose,240,,741,823,1440,24,900,24,0,25,1440,short,MacIntel,GOOSE,102808,102908,102858
Mozilla,Netscape,"5.0 (Macintosh; Intel Mac OS X 10_15_7) AppleWebKit/605.1.15 (KHTML, like Gecko) Version/15.6.1 Safari/605.1.15",Inc_Nat_Synth,incongruent,0,A,03-10-22,03-10-22,08:07:21,0,0,0,0,0,788,3.6.1,melon,240,,1394,823,1440,24,900,24,0,25,1440,short,MacIntel,HOSE,104275,104375,104325
Mozilla,Netscape,"5.0 (Macintosh; Intel Mac OS X 10_15_7) AppleWebKit/605.1.15 (KHTML, like Gecko) Version/15.6.1 Safari/605.1.15",Con_Nat,congruent,1,A,03-10-22,03-10-22,08:07:21,0,0,0,0,0,788,3.6.1,corn,240,,1349,823,1440,24,900,24,0,25,1440,short,MacIntel,CORN,106392,106491,106442
Mozilla,Netscape,"5.0 (Macintosh; Intel Mac OS X 10_15_7) AppleWebKit/605.1.15 (KHTML, like Gecko) Version/15.6.1 Safari/605.1.15",Inc_Nat_Nat,incongruent,0,A,03-10-22,03-10-22,08:07:21,0,0,0,0,0,788,3.6.1,fern,240,,978,823,1440,24,900,24,0,25,1440,short,MacIntel,PETAL,108475,108575,108525
Mozilla,Netscape,"5.0 (Macintosh; Intel Mac OS X 10_15_7) AppleWebKit/605.1.15 (KHTML, like Gecko) Version/15.6.1 Safari/605.1.15",Inc_Synth_Nat,incongruent,0,A,03-10-22,03-10-22,08:07:21,0,0,0,0,0,788,3.6.1,ruler,240,,1061,823,1440,24,900,24,0,25,1440,short,MacIntel,PANSY,110175,110275,110225
Mozilla,Netscape,"5.0 (Macintosh; Intel Mac OS X 10_15_7) AppleWebKit/605.1.15 (KHTML, like Gecko) Version/15.6.1 Safari/605.1.15",Inc_Nat_Synth,incongruent,1,A,03-10-22,03-10-22,08:07:21,0,0,0,0,0,788,3.6.1,mice,240,,781,823,1440,24,900,24,0,25,1440,short,MacIntel,TOOLS,111959,112058,112009
Mozilla,Netscape,"5.0 (Macintosh; Intel Mac OS X 10_15_7) AppleWebKit/605.1.15 (KHTML, like Gecko) Version/15.6.1 Safari/605.1.15",Con_Synth,congruent,1,A,03-10-22,03-10-22,08:07:21,0,0,0,0,0,788,3.6.1,tank,240,,735,823,1440,24,900,24,0,25,1440,short,MacIntel,TANK,113475,113575,113526
Mozilla,Netscape,"5.0 (Macintosh; Intel Mac OS X 10_15_7) AppleWebKit/605.1.15 (KHTML, like Gecko) Version/15.6.1 Safari/605.1.15",Inc_Synth_Synth,incongruent,0,A,03-10-22,03-10-22,08:07:21,0,0,0,0,0,788,3.6.1,spade,240,,1538,823,1440,24,900,24,0,25,1440,short,MacIntel,SHELF,114942,115042,114992
Mozilla,Netscape,"5.0 (Macintosh; Intel Mac OS X 10_15_7) AppleWebKit/605.1.15 (KHTML, like Gecko) Version/15.6.1 Safari/605.1.15",Con_Nat,congruent,1,A,03-10-22,03-10-22,08:07:21,0,0,0,0,0,788,3.6.1,worm,240,,644,823,1440,24,900,24,0,25,1440,short,MacIntel,WORM,117209,117309,117259
Mozilla,Netscape,"5.0 (Macintosh; Intel Mac OS X 10_15_7) AppleWebKit/605.1.15 (KHTML, like Gecko) Version/15.6.1 Safari/605.1.15",Inc_Nat_Synth,incongruent,1,A,03-10-22,03-10-22,08:07:21,0,0,0,0,0,788,3.6.1,water,240,,883,823,1440,24,900,24,0,25,1440,short,MacIntel,MEDAL,118576,118676,118626
Mozilla,Netscape,"5.0 (Macintosh; Intel Mac OS X 10_15_7) AppleWebKit/605.1.15 (KHTML, like Gecko) Version/15.6.1 Safari/605.1.15",Inc_Synth_Synth,incongruent,0,A,03-10-22,03-10-22,08:07:21,0,0,0,0,0,788,3.6.1,wharf,240,,833,823,1440,24,900,24,0,25,1440,short,MacIntel,RAZOR,120193,120293,120243
Mozilla,Netscape,"5.0 (Macintosh; Intel Mac OS X 10_15_7) AppleWebKit/605.1.15 (KHTML, like Gecko) Version/15.6.1 Safari/605.1.15",Con_Synth,congruent,0,A,03-10-22,03-10-22,08:07:21,0,0,0,0,0,788,3.6.1,bread,240,,990,823,1440,24,900,24,0,25,1440,short,MacIntel,BREAD,121759,121859,121809
Mozilla,Netscape,"5.0 (Macintosh; Intel Mac OS X 10_15_7) AppleWebKit/605.1.15 (KHTML, like Gecko) Version/15.6.1 Safari/605.1.15",Inc_Nat_Nat,incongruent,1,A,03-10-22,03-10-22,08:07:21,0,0,0,0,0,788,3.6.1,cobra,240,,797,823,1440,24,900,24,0,25,1440,short,MacIntel,TWIG,123476,123576,123526
Mozilla,Netscape,"5.0 (Macintosh; Intel Mac OS X 10_15_7) AppleWebKit/605.1.15 (KHTML, like Gecko) Version/15.6.1 Safari/605.1.15",Con_Synth,congruent,1,A,03-10-22,03-10-22,08:07:21,0,0,0,0,0,788,3.6.1,tower,240,,1257,823,1440,24,900,24,0,25,1440,short,MacIntel,TOWER,124993,125092,125043
Mozilla,Netscape,"5.0 (Macintosh; Intel Mac OS X 10_15_7) AppleWebKit/605.1.15 (KHTML, like Gecko) Version/15.6.1 Safari/605.1.15",Inc_Synth_Nat,incongruent,1,A,03-10-22,03-10-22,08:07:21,0,0,0,0,0,788,3.6.1,torch,240,,729,823,1440,24,900,24,0,25,1440,short,MacIntel,CHIMP,126976,127076,127026
Mozilla,Netscape,"5.0 (Macintosh; Intel Mac OS X 10_15_7) AppleWebKit/605.1.15 (KHTML, like Gecko) Version/15.6.1 Safari/605.1.15",Con_Nat,congruent,1,A,03-10-22,03-10-22,08:07:21,0,0,0,0,0,788,3.6.1,soil,240,,1196,823,1440,24,900,24,0,25,1440,short,MacIntel,SOIL,128426,128526,128476
Mozilla,Netscape,"5.0 (Macintosh; Intel Mac OS X 10_15_7) AppleWebKit/605.1.15 (KHTML, like Gecko) Version/15.6.1 Safari/605.1.15",Inc_Nat_Synth,incongruent,1,A,03-10-22,03-10-22,08:07:21,0,0,0,0,0,788,3.6.1,leaf,240,,900,823,1440,24,900,24,0,25,1440,short,MacIntel,COIN,130343,130443,130393
Mozilla,Netscape,"5.0 (Macintosh; Intel Mac OS X 10_15_7) AppleWebKit/605.1.15 (KHTML, like Gecko) Version/15.6.1 Safari/605.1.15",Inc_Synth_Nat,incongruent,1,A,03-10-22,03-10-22,08:07:21,0,0,0,0,0,788,3.6.1,harp,240,,881,823,1440,24,900,24,0,25,1440,short,MacIntel,SNAIL,131977,132076,132026
Mozilla,Netscape,"5.0 (Macintosh; Intel Mac OS X 10_15_7) AppleWebKit/605.1.15 (KHTML, like Gecko) Version/15.6.1 Safari/605.1.15",Inc_Nat_Nat,incongruent,1,A,03-10-22,03-10-22,08:07:21,0,0,0,0,0,788,3.6.1,poppy,240,,1000,823,1440,24,900,24,0,25,1440,short,MacIntel,DINGO,133593,133693,133643
Mozilla,Netscape,"5.0 (Macintosh; Intel Mac OS X 10_15_7) AppleWebKit/605.1.15 (KHTML, like Gecko) Version/15.6.1 Safari/605.1.15",Con_Nat,congruent,1,A,03-10-22,03-10-22,08:07:21,0,0,0,0,0,788,3.6.1,puppy,240,,755,823,1440,24,900,24,0,25,1440,short,MacIntel,PUPPY,135327,135427,135377
Mozilla,Netscape,"5.0 (Macintosh; Intel Mac OS X 10_15_7) AppleWebKit/605.1.15 (KHTML, like Gecko) Version/15.6.1 Safari/605.1.15",Inc_Synth_Synth,incongruent,0,A,03-10-22,03-10-22,08:07:21,0,0,0,0,0,788,3.6.1,ladle,240,,611,823,1440,24,900,24,0,25,1440,short,MacIntel,CAFÉ,136827,136927,136877
Mozilla,Netscape,"5.0 (Macintosh; Intel Mac OS X 10_15_7) AppleWebKit/605.1.15 (KHTML, like Gecko) Version/15.6.1 Safari/605.1.15",Con_Synth,congruent,1,A,03-10-22,03-10-22,08:07:21,0,0,0,0,0,788,3.6.1,scarf,240,,606,823,1440,24,900,24,0,25,1440,long,MacIntel,SCARF,136827,146178,146127
Mozilla,Netscape,"5.0 (Macintosh; Intel Mac OS X 10_15_7) AppleWebKit/605.1.15 (KHTML, like Gecko) Version/15.6.1 Safari/605.1.15",Inc_Synth_Nat,incongruent,1,A,03-10-22,03-10-22,08:07:21,0,0,0,0,0,788,3.6.1,fort,240,,571,823,1440,24,900,24,0,25,1440,long,MacIntel,GOAT,136827,147544,147494
Mozilla,Netscape,"5.0 (Macintosh; Intel Mac OS X 10_15_7) AppleWebKit/605.1.15 (KHTML, like Gecko) Version/15.6.1 Safari/605.1.15",Con_Synth,congruent,1,A,03-10-22,03-10-22,08:07:21,0,0,0,0,0,788,3.6.1,flute,240,,1277,823,1440,24,900,24,0,25,1440,long,MacIntel,FLUTE,136827,148877,148828
Mozilla,Netscape,"5.0 (Macintosh; Intel Mac OS X 10_15_7) AppleWebKit/605.1.15 (KHTML, like Gecko) Version/15.6.1 Safari/605.1.15",Con_Synth,congruent,1,A,03-10-22,03-10-22,08:07:21,0,0,0,0,0,788,3.6.1,canon,240,,748,823,1440,24,900,24,0,25,1440,long,MacIntel,CANON,136827,150911,150861
Mozilla,Netscape,"5.0 (Macintosh; Intel Mac OS X 10_15_7) AppleWebKit/605.1.15 (KHTML, like Gecko) Version/15.6.1 Safari/605.1.15",Inc_Synth_Nat,incongruent,1,A,03-10-22,03-10-22,08:07:21,0,0,0,0,0,788,3.6.1,bowl,240,,1013,823,1440,24,900,24,0,25,1440,long,MacIntel,WOLF,136827,152428,152378
Mozilla,Netscape,"5.0 (Macintosh; Intel Mac OS X 10_15_7) AppleWebKit/605.1.15 (KHTML, like Gecko) Version/15.6.1 Safari/605.1.15",Con_Synth,congruent,1,A,03-10-22,03-10-22,08:07:21,0,0,0,0,0,788,3.6.1,ferry,240,,1532,823,1440,24,900,24,0,25,1440,long,MacIntel,FERRY,136827,154195,154145
Mozilla,Netscape,"5.0 (Macintosh; Intel Mac OS X 10_15_7) AppleWebKit/605.1.15 (KHTML, like Gecko) Version/15.6.1 Safari/605.1.15",Con_Nat,congruent,1,A,03-10-22,03-10-22,08:07:21,0,0,0,0,0,788,3.6.1,pear,240,,976,823,1440,24,900,24,0,25,1440,long,MacIntel,PEAR,136827,156495,156445
Mozilla,Netscape,"5.0 (Macintosh; Intel Mac OS X 10_15_7) AppleWebKit/605.1.15 (KHTML, like Gecko) Version/15.6.1 Safari/605.1.15",Inc_Synth_Synth,incongruent,0,A,03-10-22,03-10-22,08:07:21,0,0,0,0,0,788,3.6.1,desk,240,,1438,823,1440,24,900,24,0,25,1440,long,MacIntel,CANDY,136827,158228,158178
Mozilla,Netscape,"5.0 (Macintosh; Intel Mac OS X 10_15_7) AppleWebKit/605.1.15 (KHTML, like Gecko) Version/15.6.1 Safari/605.1.15",Inc_Synth_Nat,incongruent,1,A,03-10-22,03-10-22,08:07:21,0,0,0,0,0,788,3.6.1,sink,240,,725,823,1440,24,900,24,0,25,1440,long,MacIntel,LAMB,136827,160429,160378
Mozilla,Netscape,"5.0 (Macintosh; Intel Mac OS X 10_15_7) AppleWebKit/605.1.15 (KHTML, like Gecko) Version/15.6.1 Safari/605.1.15",Con_Synth,congruent,1,A,03-10-22,03-10-22,08:07:21,0,0,0,0,0,788,3.6.1,tongs,240,,937,823,1440,24,900,24,0,25,1440,long,MacIntel,TONGS,136827,161912,161862
Mozilla,Netscape,"5.0 (Macintosh; Intel Mac OS X 10_15_7) AppleWebKit/605.1.15 (KHTML, like Gecko) Version/15.6.1 Safari/605.1.15",Inc_Synth_Synth,incongruent,0,A,03-10-22,03-10-22,08:07:21,0,0,0,0,0,788,3.6.1,deck,240,,1017,823,1440,24,900,24,0,25,1440,long,MacIntel,PLATE,136827,163612,163562
Mozilla,Netscape,"5.0 (Macintosh; Intel Mac OS X 10_15_7) AppleWebKit/605.1.15 (KHTML, like Gecko) Version/15.6.1 Safari/605.1.15",Con_Nat,congruent,1,A,03-10-22,03-10-22,08:07:21,0,0,0,0,0,788,3.6.1,crab,240,,588,823,1440,24,900,24,0,25,1440,long,MacIntel,CRAB,136827,165396,165345
Mozilla,Netscape,"5.0 (Macintosh; Intel Mac OS X 10_15_7) AppleWebKit/605.1.15 (KHTML, like Gecko) Version/15.6.1 Safari/605.1.15",Inc_Synth_Synth,incongruent,0,A,03-10-22,03-10-22,08:07:21,0,0,0,0,0,788,3.6.1,taxi,240,,735,823,1440,24,900,24,0,25,1440,long,MacIntel,CHAIN,136827,166746,166696
Mozilla,Netscape,"5.0 (Macintosh; Intel Mac OS X 10_15_7) AppleWebKit/605.1.15 (KHTML, like Gecko) Version/15.6.1 Safari/605.1.15",Inc_Synth_Synth,incongruent,0,A,03-10-22,03-10-22,08:07:21,0,0,0,0,0,788,3.6.1,roof,240,,671,823,1440,24,900,24,0,25,1440,long,MacIntel,PIANO,136827,168246,168196
Mozilla,Netscape,"5.0 (Macintosh; Intel Mac OS X 10_15_7) AppleWebKit/605.1.15 (KHTML, like Gecko) Version/15.6.1 Safari/605.1.15",Con_Synth,congruent,1,A,03-10-22,03-10-22,08:07:21,0,0,0,0,0,788,3.6.1,canoe,240,,787,823,1440,24,900,24,0,25,1440,long,MacIntel,CANOE,136827,169679,169629
Mozilla,Netscape,"5.0 (Macintosh; Intel Mac OS X 10_15_7) AppleWebKit/605.1.15 (KHTML, like Gecko) Version/15.6.1 Safari/605.1.15",Inc_Nat_Nat,incongruent,0,A,03-10-22,03-10-22,08:07:21,0,0,0,0,0,788,3.6.1,storm,240,,880,823,1440,24,900,24,0,25,1440,long,MacIntel,LAND,136827,171229,171179
Mozilla,Netscape,"5.0 (Macintosh; Intel Mac OS X 10_15_7) AppleWebKit/605.1.15 (KHTML, like Gecko) Version/15.6.1 Safari/605.1.15",Con_Nat,congruent,1,A,03-10-22,03-10-22,08:07:21,0,0,0,0,0,788,3.6.1,moss,240,,836,823,1440,24,900,24,0,25,1440,long,MacIntel,MOSS,136827,172880,172829
Mozilla,Netscape,"5.0 (Macintosh; Intel Mac OS X 10_15_7) AppleWebKit/605.1.15 (KHTML, like Gecko) Version/15.6.1 Safari/605.1.15",Inc_Synth_Nat,incongruent,1,A,03-10-22,03-10-22,08:07:21,0,0,0,0,0,788,3.6.1,pipe,240,,772,823,1440,24,900,24,0,25,1440,long,MacIntel,LION,136827,174479,174429
Mozilla,Netscape,"5.0 (Macintosh; Intel Mac OS X 10_15_7) AppleWebKit/605.1.15 (KHTML, like Gecko) Version/15.6.1 Safari/605.1.15",Inc_Nat_Nat,incongruent,0,A,03-10-22,03-10-22,08:07:21,0,0,0,0,0,788,3.6.1,lemon,240,,612,823,1440,24,900,24,0,25,1440,long,MacIntel,DUCK,136827,176013,175963
Mozilla,Netscape,"5.0 (Macintosh; Intel Mac OS X 10_15_7) AppleWebKit/605.1.15 (KHTML, like Gecko) Version/15.6.1 Safari/605.1.15",Con_Nat,congruent,0,A,03-10-22,03-10-22,08:07:21,0,0,0,0,0,788,3.6.1,plum,240,,903,823,1440,24,900,24,0,25,1440,long,MacIntel,PLUM,136827,177379,177330
Mozilla,Netscape,"5.0 (Macintosh; Intel Mac OS X 10_15_7) AppleWebKit/605.1.15 (KHTML, like Gecko) Version/15.6.1 Safari/605.1.15",Inc_Nat_Synth,incongruent,1,A,03-10-22,03-10-22,08:07:21,0,0,0,0,0,788,3.6.1,eagle,240,,1658,823,1440,24,900,24,0,25,1440,long,MacIntel,WAGON,136827,179046,178996
Mozilla,Netscape,"5.0 (Macintosh; Intel Mac OS X 10_15_7) AppleWebKit/605.1.15 (KHTML, like Gecko) Version/15.6.1 Safari/605.1.15",Con_Nat,congruent,1,A,03-10-22,03-10-22,08:07:21,0,0,0,0,0,788,3.6.1,stone,240,,785,823,1440,24,900,24,0,25,1440,long,MacIntel,STONE,136827,181463,181413
Mozilla,Netscape,"5.0 (Macintosh; Intel Mac OS X 10_15_7) AppleWebKit/605.1.15 (KHTML, like Gecko) Version/15.6.1 Safari/605.1.15",Inc_Synth_Nat,incongruent,1,A,03-10-22,03-10-22,08:07:21,0,0,0,0,0,788,3.6.1,barn,240,,1082,823,1440,24,900,24,0,25,1440,long,MacIntel,TUNA,136827,183013,182962
Mozilla,Netscape,"5.0 (Macintosh; Intel Mac OS X 10_15_7) AppleWebKit/605.1.15 (KHTML, like Gecko) Version/15.6.1 Safari/605.1.15",Con_Synth,congruent,1,A,03-10-22,03-10-22,08:07:21,0,0,0,0,0,788,3.6.1,crate,240,,1054,823,1440,24,900,24,0,25,1440,long,MacIntel,CRATE,136827,184863,184813
Mozilla,Netscape,"5.0 (Macintosh; Intel Mac OS X 10_15_7) AppleWebKit/605.1.15 (KHTML, like Gecko) Version/15.6.1 Safari/605.1.15",Inc_Nat_Nat,incongruent,0,A,03-10-22,03-10-22,08:07:21,0,0,0,0,0,788,3.6.1,sheep,240,,607,823,1440,24,900,24,0,25,1440,long,MacIntel,BULL,136827,186680,186630
Mozilla,Netscape,"5.0 (Macintosh; Intel Mac OS X 10_15_7) AppleWebKit/605.1.15 (KHTML, like Gecko) Version/15.6.1 Safari/605.1.15",Inc_Nat_Nat,incongruent,1,A,03-10-22,03-10-22,08:07:21,0,0,0,0,0,788,3.6.1,shark,240,,730,823,1440,24,900,24,0,25,1440,long,MacIntel,HILL,136827,188047,187997
Mozilla,Netscape,"5.0 (Macintosh; Intel Mac OS X 10_15_7) AppleWebKit/605.1.15 (KHTML, like Gecko) Version/15.6.1 Safari/605.1.15",Inc_Synth_Synth,incongruent,0,A,03-10-22,03-10-22,08:07:21,0,0,0,0,0,788,3.6.1,shoe,240,,884,823,1440,24,900,24,0,25,1440,long,MacIntel,COUCH,136827,189530,189481
Mozilla,Netscape,"5.0 (Macintosh; Intel Mac OS X 10_15_7) AppleWebKit/605.1.15 (KHTML, like Gecko) Version/15.6.1 Safari/605.1.15",Con_Nat,congruent,1,A,03-10-22,03-10-22,08:07:21,0,0,0,0,0,788,3.6.1,hare,240,,1177,823,1440,24,900,24,0,25,1440,long,MacIntel,HARE,136827,191181,191131
Mozilla,Netscape,"5.0 (Macintosh; Intel Mac OS X 10_15_7) AppleWebKit/605.1.15 (KHTML, like Gecko) Version/15.6.1 Safari/605.1.15",Inc_Nat_Synth,incongruent,1,A,03-10-22,03-10-22,08:07:21,0,0,0,0,0,788,3.6.1,swamp,240,,704,823,1440,24,900,24,0,25,1440,long,MacIntel,DRILL,136827,193114,193063
Mozilla,Netscape,"5.0 (Macintosh; Intel Mac OS X 10_15_7) AppleWebKit/605.1.15 (KHTML, like Gecko) Version/15.6.1 Safari/605.1.15",Con_Nat,congruent,1,A,03-10-22,03-10-22,08:07:21,0,0,0,0,0,788,3.6.1,wasp,240,,711,823,1440,24,900,24,0,25,1440,long,MacIntel,WASP,136827,194581,194531
Mozilla,Netscape,"5.0 (Macintosh; Intel Mac OS X 10_15_7) AppleWebKit/605.1.15 (KHTML, like Gecko) Version/15.6.1 Safari/605.1.15",Inc_Nat_Nat,incongruent,0,A,03-10-22,03-10-22,08:07:21,0,0,0,0,0,788,3.6.1,shell,240,,823,823,1440,24,900,24,0,25,1440,long,MacIntel,DIRT,136827,196047,195997
Mozilla,Netscape,"5.0 (Macintosh; Intel Mac OS X 10_15_7) AppleWebKit/605.1.15 (KHTML, like Gecko) Version/15.6.1 Safari/605.1.15",Inc_Nat_Nat,incongruent,0,A,03-10-22,03-10-22,08:07:21,0,0,0,0,0,788,3.6.1,fruit,240,,748,823,1440,24,900,24,0,25,1440,long,MacIntel,BEAR,136827,197631,197581
Mozilla,Netscape,"5.0 (Macintosh; Intel Mac OS X 10_15_7) AppleWebKit/605.1.15 (KHTML, like Gecko) Version/15.6.1 Safari/605.1.15",Con_Nat,congruent,1,A,03-10-22,03-10-22,08:07:21,0,0,0,0,0,788,3.6.1,boar,240,,629,823,1440,24,900,24,0,25,1440,long,MacIntel,BOAR,136827,199131,199081
