browser_codename,browser_name,browser_version,condition,congruence,correct,counterbalance,date_startdate,date_startdateUTC,date_starttime,experiment_debug,experiment_parameters,experiment_pilot,experiment_taskname,experiment_taskversion,jatosStudyResultId,jatosVersion,prime,queryParams_batchId,queryParams_generalMultiple,response_time,screen_availableHeight,screen_availableWidth,screen_colorDepth,screen_height,screen_pixelDepth,screen_screenX,screen_screenY,screen_width,soa_condition,system_os,target,time_mask1,time_mask2,time_prime
Mozilla,Netscape,5.0 (Windows),practice,practice,1,None,03-10-22,03-10-22,09:26:43,0,0,0,0,0,792,3.6.1,nvoiuh,241,,1027,680,1280,24,720,24,-7,-7,1280,practice,Win32,HOUSE,47493,47593,47543
Mozilla,Netscape,5.0 (Windows),practice,practice,1,None,03-10-22,03-10-22,09:26:43,0,0,0,0,0,792,3.6.1,iweonf,241,,798,680,1280,24,720,24,-7,-7,1280,practice,Win32,BOAT,49243,49343,49293
Mozilla,Netscape,5.0 (Windows),practice,practice,1,None,03-10-22,03-10-22,09:26:43,0,0,0,0,0,792,3.6.1,abjdhjs,241,,916,680,1280,24,720,24,-7,-7,1280,practice,Win32,HORSE,50778,50876,50826
Mozilla,Netscape,5.0 (Windows),practice,practice,1,None,03-10-22,03-10-22,09:26:43,0,0,0,0,0,792,3.6.1,snjghf,241,,704,680,1280,24,720,24,-7,-7,1280,practice,Win32,SHEEP,52426,52526,52475
Mozilla,Netscape,5.0 (Windows),Con_Nat,congruent,1,B,03-10-22,03-10-22,09:26:43,0,0,0,0,0,792,3.6.1,reef,241,,801,680,1280,24,720,24,-7,-7,1280,long,Win32,REEF,52426,58908,58858
Mozilla,Netscape,5.0 (Windows),Con_Synth,congruent,1,B,03-10-22,03-10-22,09:26:43,0,0,0,0,0,792,3.6.1,canoe,241,,952,680,1280,24,720,24,-7,-7,1280,long,Win32,CANOE,52426,60457,60408
Mozilla,Netscape,5.0 (Windows),Inc_Nat_Nat,incongruent,0,B,03-10-22,03-10-22,09:26:43,0,0,0,0,0,792,3.6.1,ocean,241,,715,680,1280,24,720,24,-7,-7,1280,long,Win32,TREE,52426,62174,62123
Mozilla,Netscape,5.0 (Windows),Con_Synth,congruent,1,B,03-10-22,03-10-22,09:26:43,0,0,0,0,0,792,3.6.1,stove,241,,736,680,1280,24,720,24,-7,-7,1280,long,Win32,STOVE,52426,63657,63606
Mozilla,Netscape,5.0 (Windows),Inc_Synth_Nat,incongruent,1,B,03-10-22,03-10-22,09:26:43,0,0,0,0,0,792,3.6.1,bowl,241,,714,680,1280,24,720,24,-7,-7,1280,long,Win32,WOLF,52426,65140,65090
Mozilla,Netscape,5.0 (Windows),Con_Synth,congruent,1,B,03-10-22,03-10-22,09:26:43,0,0,0,0,0,792,3.6.1,crate,241,,1003,680,1280,24,720,24,-7,-7,1280,long,Win32,CRATE,52426,66590,66539
Mozilla,Netscape,5.0 (Windows),Inc_Nat_Synth,incongruent,1,B,03-10-22,03-10-22,09:26:43,0,0,0,0,0,792,3.6.1,cloud,241,,709,680,1280,24,720,24,-7,-7,1280,long,Win32,MOTEL,52426,68340,68289
Mozilla,Netscape,5.0 (Windows),Inc_Synth_Synth,incongruent,0,B,03-10-22,03-10-22,09:26:43,0,0,0,0,0,792,3.6.1,shoe,241,,1023,680,1280,24,720,24,-7,-7,1280,long,Win32,COUCH,52426,69790,69739
Mozilla,Netscape,5.0 (Windows),Inc_Synth_Synth,incongruent,0,B,03-10-22,03-10-22,09:26:43,0,0,0,0,0,792,3.6.1,cake,241,,800,680,1280,24,720,24,-7,-7,1280,long,Win32,TRASH,52426,71556,71506
Mozilla,Netscape,5.0 (Windows),Inc_Synth_Nat,incongruent,1,B,03-10-22,03-10-22,09:26:43,0,0,0,0,0,792,3.6.1,pipe,241,,640,680,1280,24,720,24,-7,-7,1280,long,Win32,LION,52426,73107,73056
Mozilla,Netscape,5.0 (Windows),Con_Nat,congruent,1,B,03-10-22,03-10-22,09:26:43,0,0,0,0,0,792,3.6.1,boar,241,,610,680,1280,24,720,24,-7,-7,1280,long,Win32,BOAR,52426,74489,74440
Mozilla,Netscape,5.0 (Windows),Con_Synth,congruent,1,B,03-10-22,03-10-22,09:26:43,0,0,0,0,0,792,3.6.1,scarf,241,,702,680,1280,24,720,24,-7,-7,1280,long,Win32,SCARF,52426,75838,75788
Mozilla,Netscape,5.0 (Windows),Con_Nat,congruent,1,B,03-10-22,03-10-22,09:26:43,0,0,0,0,0,792,3.6.1,hare,241,,701,680,1280,24,720,24,-7,-7,1280,long,Win32,HARE,52426,77288,77238
Mozilla,Netscape,5.0 (Windows),Inc_Synth_Nat,incongruent,1,B,03-10-22,03-10-22,09:26:43,0,0,0,0,0,792,3.6.1,barn,241,,965,680,1280,24,720,24,-7,-7,1280,long,Win32,TUNA,52426,78738,78689
Mozilla,Netscape,5.0 (Windows),Con_Nat,congruent,1,B,03-10-22,03-10-22,09:26:43,0,0,0,0,0,792,3.6.1,earth,241,,735,680,1280,24,720,24,-7,-7,1280,long,Win32,EARTH,52426,80455,80405
Mozilla,Netscape,5.0 (Windows),Con_Nat,congruent,1,B,03-10-22,03-10-22,09:26:43,0,0,0,0,0,792,3.6.1,moss,241,,746,680,1280,24,720,24,-7,-7,1280,long,Win32,MOSS,52426,81938,81888
Mozilla,Netscape,5.0 (Windows),Inc_Nat_Synth,incongruent,1,B,03-10-22,03-10-22,09:26:43,0,0,0,0,0,792,3.6.1,eagle,241,,632,680,1280,24,720,24,-7,-7,1280,long,Win32,WAGON,52426,83421,83371
Mozilla,Netscape,5.0 (Windows),Con_Synth,congruent,1,B,03-10-22,03-10-22,09:26:43,0,0,0,0,0,792,3.6.1,canon,241,,603,680,1280,24,720,24,-7,-7,1280,long,Win32,CANON,52426,84804,84754
Mozilla,Netscape,5.0 (Windows),Con_Nat,congruent,1,B,03-10-22,03-10-22,09:26:43,0,0,0,0,0,792,3.6.1,crab,241,,640,680,1280,24,720,24,-7,-7,1280,long,Win32,CRAB,52426,86155,86104
Mozilla,Netscape,5.0 (Windows),Con_Nat,congruent,1,B,03-10-22,03-10-22,09:26:43,0,0,0,0,0,792,3.6.1,clam,241,,859,680,1280,24,720,24,-7,-7,1280,long,Win32,CLAM,52426,87538,87487
Mozilla,Netscape,5.0 (Windows),Inc_Synth_Synth,incongruent,0,B,03-10-22,03-10-22,09:26:43,0,0,0,0,0,792,3.6.1,desk,241,,989,680,1280,24,720,24,-7,-7,1280,long,Win32,CANDY,52426,89138,89087
Mozilla,Netscape,5.0 (Windows),Inc_Nat_Nat,incongruent,1,B,03-10-22,03-10-22,09:26:43,0,0,0,0,0,792,3.6.1,shell,241,,751,680,1280,24,720,24,-7,-7,1280,long,Win32,DIRT,52426,90870,90821
Mozilla,Netscape,5.0 (Windows),Con_Synth,congruent,1,B,03-10-22,03-10-22,09:26:43,0,0,0,0,0,792,3.6.1,apron,241,,901,680,1280,24,720,24,-7,-7,1280,long,Win32,APRON,52426,92370,92320
Mozilla,Netscape,5.0 (Windows),Con_Synth,congruent,1,B,03-10-22,03-10-22,09:26:43,0,0,0,0,0,792,3.6.1,flask,241,,936,680,1280,24,720,24,-7,-7,1280,long,Win32,FLASK,52426,94020,93970
Mozilla,Netscape,5.0 (Windows),Con_Synth,congruent,1,B,03-10-22,03-10-22,09:26:43,0,0,0,0,0,792,3.6.1,tongs,241,,864,680,1280,24,720,24,-7,-7,1280,long,Win32,TONGS,52426,95703,95653
Mozilla,Netscape,5.0 (Windows),Con_Synth,congruent,1,B,03-10-22,03-10-22,09:26:43,0,0,0,0,0,792,3.6.1,arrow,241,,1007,680,1280,24,720,24,-7,-7,1280,long,Win32,ARROW,52426,97303,97252
Mozilla,Netscape,5.0 (Windows),Con_Synth,congruent,1,B,03-10-22,03-10-22,09:26:43,0,0,0,0,0,792,3.6.1,flute,241,,603,680,1280,24,720,24,-7,-7,1280,long,Win32,FLUTE,52426,99053,99002
Mozilla,Netscape,5.0 (Windows),Con_Nat,congruent,1,B,03-10-22,03-10-22,09:26:43,0,0,0,0,0,792,3.6.1,stone,241,,722,680,1280,24,720,24,-7,-7,1280,long,Win32,STONE,52426,100402,100353
Mozilla,Netscape,5.0 (Windows),Con_Nat,congruent,1,B,03-10-22,03-10-22,09:26:43,0,0,0,0,0,792,3.6.1,peas,241,,595,680,1280,24,720,24,-7,-7,1280,long,Win32,PEAS,52426,101869,101818
Mozilla,Netscape,5.0 (Windows),Inc_Nat_Nat,incongruent,0,B,03-10-22,03-10-22,09:26:43,0,0,0,0,0,792,3.6.1,bunny,241,,687,680,1280,24,720,24,-7,-7,1280,long,Win32,ROSE,52426,103203,103151
Mozilla,Netscape,5.0 (Windows),Con_Nat,congruent,1,B,03-10-22,03-10-22,09:26:43,0,0,0,0,0,792,3.6.1,swan,241,,629,680,1280,24,720,24,-7,-7,1280,long,Win32,SWAN,52426,104635,104585
Mozilla,Netscape,5.0 (Windows),Con_Synth,congruent,1,B,03-10-22,03-10-22,09:26:43,0,0,0,0,0,792,3.6.1,ferry,241,,1199,680,1280,24,720,24,-7,-7,1280,long,Win32,FERRY,52426,106002,105951
Mozilla,Netscape,5.0 (Windows),Inc_Nat_Synth,incongruent,1,B,03-10-22,03-10-22,09:26:43,0,0,0,0,0,792,3.6.1,olive,241,,941,680,1280,24,720,24,-7,-7,1280,long,Win32,MOTOR,52426,107951,107901
Mozilla,Netscape,5.0 (Windows),Con_Synth,congruent,1,B,03-10-22,03-10-22,09:26:43,0,0,0,0,0,792,3.6.1,jeans,241,,678,680,1280,24,720,24,-7,-7,1280,long,Win32,JEANS,52426,109635,109585
Mozilla,Netscape,5.0 (Windows),Inc_Synth_Nat,incongruent,1,B,03-10-22,03-10-22,09:26:43,0,0,0,0,0,792,3.6.1,fort,241,,660,680,1280,24,720,24,-7,-7,1280,long,Win32,GOAT,52426,111051,111000
Mozilla,Netscape,5.0 (Windows),Inc_Nat_Synth,incongruent,1,B,03-10-22,03-10-22,09:26:43,0,0,0,0,0,792,3.6.1,moose,241,,782,680,1280,24,720,24,-7,-7,1280,long,Win32,PORCH,52426,112451,112402
Mozilla,Netscape,5.0 (Windows),Inc_Nat_Nat,incongruent,0,B,03-10-22,03-10-22,09:26:43,0,0,0,0,0,792,3.6.1,fruit,241,,2014,680,1280,24,720,24,-7,-7,1280,long,Win32,BEAR,52426,113984,113934
Mozilla,Netscape,5.0 (Windows),Inc_Synth_Synth,incongruent,0,B,03-10-22,03-10-22,09:26:43,0,0,0,0,0,792,3.6.1,bell,241,,1150,680,1280,24,720,24,-7,-7,1280,long,Win32,WHEEL,52426,116734,116684
Mozilla,Netscape,5.0 (Windows),Con_Synth,congruent,1,B,03-10-22,03-10-22,09:26:43,0,0,0,0,0,792,3.6.1,linen,241,,1086,680,1280,24,720,24,-7,-7,1280,long,Win32,LINEN,52426,118633,118582
Mozilla,Netscape,5.0 (Windows),Con_Nat,congruent,1,B,03-10-22,03-10-22,09:26:43,0,0,0,0,0,792,3.6.1,pear,241,,513,680,1280,24,720,24,-7,-7,1280,long,Win32,PEAR,52426,120468,120417
Mozilla,Netscape,5.0 (Windows),Inc_Nat_Nat,incongruent,0,B,03-10-22,03-10-22,09:26:43,0,0,0,0,0,792,3.6.1,storm,241,,1260,680,1280,24,720,24,-7,-7,1280,long,Win32,LAND,52426,121717,121666
Mozilla,Netscape,5.0 (Windows),Con_Nat,congruent,1,B,03-10-22,03-10-22,09:26:43,0,0,0,0,0,792,3.6.1,slug,241,,1656,680,1280,24,720,24,-7,-7,1280,long,Win32,SLUG,52426,123716,123666
Mozilla,Netscape,5.0 (Windows),Inc_Nat_Synth,incongruent,1,B,03-10-22,03-10-22,09:26:43,0,0,0,0,0,792,3.6.1,flood,241,,581,680,1280,24,720,24,-7,-7,1280,long,Win32,SKIRT,52426,126116,126066
Mozilla,Netscape,5.0 (Windows),Con_Synth,congruent,1,B,03-10-22,03-10-22,09:26:43,0,0,0,0,0,792,3.6.1,broom,241,,634,680,1280,24,720,24,-7,-7,1280,long,Win32,BROOM,52426,127432,127383
Mozilla,Netscape,5.0 (Windows),Inc_Synth_Nat,incongruent,1,B,03-10-22,03-10-22,09:26:43,0,0,0,0,0,792,3.6.1,soap,241,,775,680,1280,24,720,24,-7,-7,1280,long,Win32,PONY,52426,128815,128765
Mozilla,Netscape,5.0 (Windows),Inc_Nat_Synth,incongruent,1,B,03-10-22,03-10-22,09:26:43,0,0,0,0,0,792,3.6.1,swamp,241,,1274,680,1280,24,720,24,-7,-7,1280,long,Win32,DRILL,52426,130332,130282
Mozilla,Netscape,5.0 (Windows),Inc_Synth_Nat,incongruent,1,B,03-10-22,03-10-22,09:26:43,0,0,0,0,0,792,3.6.1,sink,241,,1046,680,1280,24,720,24,-7,-7,1280,long,Win32,LAMB,52426,132348,132298
Mozilla,Netscape,5.0 (Windows),Inc_Nat_Nat,incongruent,0,B,03-10-22,03-10-22,09:26:43,0,0,0,0,0,792,3.6.1,sheep,241,,906,680,1280,24,720,24,-7,-7,1280,long,Win32,BULL,52426,134131,134081
Mozilla,Netscape,5.0 (Windows),Con_Nat,congruent,1,B,03-10-22,03-10-22,09:26:43,0,0,0,0,0,792,3.6.1,wasp,241,,1022,680,1280,24,720,24,-7,-7,1280,long,Win32,WASP,52426,135782,135732
Mozilla,Netscape,5.0 (Windows),Inc_Nat_Nat,incongruent,0,B,03-10-22,03-10-22,09:26:43,0,0,0,0,0,792,3.6.1,shark,241,,981,680,1280,24,720,24,-7,-7,1280,long,Win32,HILL,52426,137548,137498
Mozilla,Netscape,5.0 (Windows),Inc_Synth_Synth,incongruent,0,B,03-10-22,03-10-22,09:26:43,0,0,0,0,0,792,3.6.1,roof,241,,927,680,1280,24,720,24,-7,-7,1280,long,Win32,PIANO,52426,139281,139231
Mozilla,Netscape,5.0 (Windows),Con_Nat,congruent,0,B,03-10-22,03-10-22,09:26:43,0,0,0,0,0,792,3.6.1,stick,241,,829,680,1280,24,720,24,-7,-7,1280,long,Win32,STICK,52426,140948,140897
Mozilla,Netscape,5.0 (Windows),Inc_Synth_Synth,incongruent,0,B,03-10-22,03-10-22,09:26:43,0,0,0,0,0,792,3.6.1,deck,241,,1322,680,1280,24,720,24,-7,-7,1280,long,Win32,PLATE,52426,142514,142464
Mozilla,Netscape,5.0 (Windows),Inc_Synth_Synth,incongruent,1,B,03-10-22,03-10-22,09:26:43,0,0,0,0,0,792,3.6.1,wire,241,,676,680,1280,24,720,24,-7,-7,1280,long,Win32,CABIN,52426,144580,144530
Mozilla,Netscape,5.0 (Windows),Con_Nat,congruent,1,B,03-10-22,03-10-22,09:26:43,0,0,0,0,0,792,3.6.1,plum,241,,998,680,1280,24,720,24,-7,-7,1280,long,Win32,PLUM,52426,145997,145946
Mozilla,Netscape,5.0 (Windows),Inc_Synth_Synth,incongruent,0,B,03-10-22,03-10-22,09:26:43,0,0,0,0,0,792,3.6.1,taxi,241,,683,680,1280,24,720,24,-7,-7,1280,long,Win32,CHAIN,52426,147747,147696
Mozilla,Netscape,5.0 (Windows),Inc_Nat_Nat,incongruent,0,B,03-10-22,03-10-22,09:26:43,0,0,0,0,0,792,3.6.1,lemon,241,,860,680,1280,24,720,24,-7,-7,1280,long,Win32,DUCK,52426,149180,149129
Mozilla,Netscape,5.0 (Windows),Inc_Synth_Nat,incongruent,1,B,03-10-22,03-10-22,09:26:43,0,0,0,0,0,792,3.6.1,mall,241,,1200,680,1280,24,720,24,-7,-7,1280,long,Win32,BUSH,52426,150779,150728
Mozilla,Netscape,5.0 (Windows),Inc_Nat_Synth,incongruent,1,B,03-10-22,03-10-22,09:26:43,0,0,0,0,0,792,3.6.1,wheat,241,,601,680,1280,24,720,24,-7,-7,1280,long,Win32,BRICK,52426,152728,152679
Mozilla,Netscape,5.0 (Windows),Con_Synth,congruent,1,B,03-10-22,03-10-22,09:26:43,0,0,0,0,0,792,3.6.1,stair,241,,1059,680,1280,24,720,24,-7,-7,1280,long,Win32,STAIR,52426,154079,154028
Mozilla,Netscape,5.0 (Windows),Inc_Synth_Nat,incongruent,1,B,03-10-22,03-10-22,09:26:43,0,0,0,0,0,792,3.6.1,torch,241,,796,680,1280,24,720,24,-7,-7,1280,short,Win32,CHIMP,194707,194807,194757
Mozilla,Netscape,5.0 (Windows),Inc_Nat_Nat,incongruent,1,B,03-10-22,03-10-22,09:26:43,0,0,0,0,0,792,3.6.1,fern,241,,621,680,1280,24,720,24,-7,-7,1280,short,Win32,PETAL,196223,196322,196272
Mozilla,Netscape,5.0 (Windows),Con_Synth,congruent,1,B,03-10-22,03-10-22,09:26:43,0,0,0,0,0,792,3.6.1,mail,241,,1031,680,1280,24,720,24,-7,-7,1280,short,Win32,MAIL,197558,197656,197607
Mozilla,Netscape,5.0 (Windows),Con_Synth,congruent,1,B,03-10-22,03-10-22,09:26:43,0,0,0,0,0,792,3.6.1,coat,241,,802,680,1280,24,720,24,-7,-7,1280,short,Win32,COAT,199306,199407,199357
Mozilla,Netscape,5.0 (Windows),Con_Synth,congruent,1,B,03-10-22,03-10-22,09:26:43,0,0,0,0,0,792,3.6.1,drug,241,,806,680,1280,24,720,24,-7,-7,1280,short,Win32,DRUG,200822,200923,200873
Mozilla,Netscape,5.0 (Windows),Inc_Synth_Synth,incongruent,0,B,03-10-22,03-10-22,09:26:43,0,0,0,0,0,792,3.6.1,sash,241,,659,680,1280,24,720,24,-7,-7,1280,short,Win32,CLOTH,202339,202440,202390
Mozilla,Netscape,5.0 (Windows),Con_Nat,congruent,1,B,03-10-22,03-10-22,09:26:43,0,0,0,0,0,792,3.6.1,corn,241,,528,680,1280,24,720,24,-7,-7,1280,short,Win32,CORN,203704,203806,203755
Mozilla,Netscape,5.0 (Windows),Con_Synth,congruent,1,B,03-10-22,03-10-22,09:26:43,0,0,0,0,0,792,3.6.1,bike,241,,602,680,1280,24,720,24,-7,-7,1280,short,Win32,BIKE,204939,205039,204988
Mozilla,Netscape,5.0 (Windows),Inc_Synth_Synth,incongruent,0,B,03-10-22,03-10-22,09:26:43,0,0,0,0,0,792,3.6.1,silo,241,,806,680,1280,24,720,24,-7,-7,1280,short,Win32,PLAZA,206256,206356,206306
Mozilla,Netscape,5.0 (Windows),Con_Nat,congruent,1,B,03-10-22,03-10-22,09:26:43,0,0,0,0,0,792,3.6.1,deer,241,,515,680,1280,24,720,24,-7,-7,1280,short,Win32,DEER,207772,207872,207823
Mozilla,Netscape,5.0 (Windows),Inc_Nat_Synth,incongruent,1,B,03-10-22,03-10-22,09:26:43,0,0,0,0,0,792,3.6.1,mice,241,,1019,680,1280,24,720,24,-7,-7,1280,short,Win32,TOOLS,209005,209105,209055
Mozilla,Netscape,5.0 (Windows),Inc_Nat_Nat,incongruent,0,B,03-10-22,03-10-22,09:26:43,0,0,0,0,0,792,3.6.1,cobra,241,,698,680,1280,24,720,24,-7,-7,1280,short,Win32,TWIG,210738,210838,210788
Mozilla,Netscape,5.0 (Windows),Inc_Nat_Nat,incongruent,0,B,03-10-22,03-10-22,09:26:43,0,0,0,0,0,792,3.6.1,berry,241,,749,680,1280,24,720,24,-7,-7,1280,short,Win32,OTTER,212154,212255,212205
Mozilla,Netscape,5.0 (Windows),Inc_Synth_Nat,incongruent,1,B,03-10-22,03-10-22,09:26:43,0,0,0,0,0,792,3.6.1,spear,241,,654,680,1280,24,720,24,-7,-7,1280,short,Win32,MOTH,213622,213721,213670
Mozilla,Netscape,5.0 (Windows),Con_Nat,congruent,1,B,03-10-22,03-10-22,09:26:43,0,0,0,0,0,792,3.6.1,seed,241,,657,680,1280,24,720,24,-7,-7,1280,short,Win32,SEED,214988,215088,215038
Mozilla,Netscape,5.0 (Windows),Inc_Synth_Synth,incongruent,0,B,03-10-22,03-10-22,09:26:43,0,0,0,0,0,792,3.6.1,kiosk,241,,886,680,1280,24,720,24,-7,-7,1280,short,Win32,SOFA,216354,216454,216404
Mozilla,Netscape,5.0 (Windows),Inc_Nat_Synth,incongruent,0,B,03-10-22,03-10-22,09:26:43,0,0,0,0,0,792,3.6.1,melon,241,,756,680,1280,24,720,24,-7,-7,1280,short,Win32,HOSE,217954,218054,218003
Mozilla,Netscape,5.0 (Windows),Nat_Nat_Synth,incongruent,0,B,03-10-22,03-10-22,09:26:43,0,0,0,0,0,792,3.6.1,finch,241,,826,680,1280,24,720,24,-7,-7,1280,short,Win32,SLOTH,219421,219521,219470
Mozilla,Netscape,5.0 (Windows),Con_Synth,congruent,1,B,03-10-22,03-10-22,09:26:43,0,0,0,0,0,792,3.6.1,tank,241,,833,680,1280,24,720,24,-7,-7,1280,short,Win32,TANK,220954,221054,221003
Mozilla,Netscape,5.0 (Windows),Inc_Synth_Nat,incongruent,1,B,03-10-22,03-10-22,09:26:43,0,0,0,0,0,792,3.6.1,arena,241,,959,680,1280,24,720,24,-7,-7,1280,short,Win32,VINE,222503,222603,222554
Mozilla,Netscape,5.0 (Windows),Inc_Synth_Nat,incongruent,1,B,03-10-22,03-10-22,09:26:43,0,0,0,0,0,792,3.6.1,sewer,241,,626,680,1280,24,720,24,-7,-7,1280,short,Win32,CORAL,224169,224269,224219
Mozilla,Netscape,5.0 (Windows),Con_Synth,congruent,1,B,03-10-22,03-10-22,09:26:43,0,0,0,0,0,792,3.6.1,sword,241,,601,680,1280,24,720,24,-7,-7,1280,short,Win32,SWORD,225503,225603,225553
Mozilla,Netscape,5.0 (Windows),Con_Nat,congruent,1,B,03-10-22,03-10-22,09:26:43,0,0,0,0,0,792,3.6.1,goose,241,,542,680,1280,24,720,24,-7,-7,1280,short,Win32,GOOSE,226820,226920,226870
Mozilla,Netscape,5.0 (Windows),Con_Synth,congruent,0,B,03-10-22,03-10-22,09:26:43,0,0,0,0,0,792,3.6.1,rope,241,,1111,680,1280,24,720,24,-7,-7,1280,short,Win32,ROPE,228069,228170,228119
Mozilla,Netscape,5.0 (Windows),Con_Synth,congruent,1,B,03-10-22,03-10-22,09:26:43,0,0,0,0,0,792,3.6.1,doll,241,,735,680,1280,24,720,24,-7,-7,1280,short,Win32,DOLL,229886,229986,229935
Mozilla,Netscape,5.0 (Windows),Con_Synth,congruent,1,B,03-10-22,03-10-22,09:26:43,0,0,0,0,0,792,3.6.1,gate,241,,974,680,1280,24,720,24,-7,-7,1280,short,Win32,GATE,231336,231436,231386
Mozilla,Netscape,5.0 (Windows),Con_Synth,congruent,1,B,03-10-22,03-10-22,09:26:43,0,0,0,0,0,792,3.6.1,cable,241,,924,680,1280,24,720,24,-7,-7,1280,short,Win32,CABLE,233036,233135,233086
Mozilla,Netscape,5.0 (Windows),Con_Synth,congruent,1,B,03-10-22,03-10-22,09:26:43,0,0,0,0,0,792,3.6.1,paint,241,,551,680,1280,24,720,24,-7,-7,1280,short,Win32,PAINT,234668,234769,234719
Mozilla,Netscape,5.0 (Windows),Con_Nat,congruent,1,B,03-10-22,03-10-22,09:26:43,0,0,0,0,0,792,3.6.1,worm,241,,598,680,1280,24,720,24,-7,-7,1280,short,Win32,WORM,235935,236035,235985
Mozilla,Netscape,5.0 (Windows),Con_Synth,congruent,0,B,03-10-22,03-10-22,09:26:43,0,0,0,0,0,792,3.6.1,bread,241,,652,680,1280,24,720,24,-7,-7,1280,short,Win32,BREAD,237252,237352,237302
Mozilla,Netscape,5.0 (Windows),Con_Nat,congruent,1,B,03-10-22,03-10-22,09:26:43,0,0,0,0,0,792,3.6.1,cave,241,,1783,680,1280,24,720,24,-7,-7,1280,short,Win32,CAVE,238684,238784,238734
Mozilla,Netscape,5.0 (Windows),Con_Nat,congruent,1,B,03-10-22,03-10-22,09:26:43,0,0,0,0,0,792,3.6.1,tiger,241,,540,680,1280,24,720,24,-7,-7,1280,short,Win32,TIGER,241184,241285,241235
Mozilla,Netscape,5.0 (Windows),Inc_Synth_Synth,incongruent,0,B,03-10-22,03-10-22,09:26:43,0,0,0,0,0,792,3.6.1,patio,241,,667,680,1280,24,720,24,-7,-7,1280,short,Win32,SPOON,242434,242533,242484
Mozilla,Netscape,5.0 (Windows),Inc_Synth_Synth,incongruent,0,B,03-10-22,03-10-22,09:26:43,0,0,0,0,0,792,3.6.1,wharf,241,,773,680,1280,24,720,24,-7,-7,1280,short,Win32,RAZOR,243817,243918,243868
Mozilla,Netscape,5.0 (Windows),Inc_Nat_Nat,incongruent,1,B,03-10-22,03-10-22,09:26:43,0,0,0,0,0,792,3.6.1,poppy,241,,976,680,1280,24,720,24,-7,-7,1280,short,Win32,DINGO,245301,245400,245350
Mozilla,Netscape,5.0 (Windows),Con_Nat,congruent,0,B,03-10-22,03-10-22,09:26:43,0,0,0,0,0,792,3.6.1,hawk,241,,713,680,1280,24,720,24,-7,-7,1280,short,Win32,HAWK,246984,247084,247033
Mozilla,Netscape,5.0 (Windows),Con_Nat,congruent,1,B,03-10-22,03-10-22,09:26:43,0,0,0,0,0,792,3.6.1,puppy,241,,534,680,1280,24,720,24,-7,-7,1280,short,Win32,PUPPY,248400,248500,248451
Mozilla,Netscape,5.0 (Windows),Con_Nat,congruent,1,B,03-10-22,03-10-22,09:26:43,0,0,0,0,0,792,3.6.1,creek,241,,819,680,1280,24,720,24,-7,-7,1280,short,Win32,CREEK,249650,249750,249700
Mozilla,Netscape,5.0 (Windows),Inc_Nat_Synth,incongruent,1,B,03-10-22,03-10-22,09:26:43,0,0,0,0,0,792,3.6.1,leaf,241,,824,680,1280,24,720,24,-7,-7,1280,short,Win32,COIN,251182,251283,251233
Mozilla,Netscape,5.0 (Windows),Con_Nat,congruent,1,B,03-10-22,03-10-22,09:26:43,0,0,0,0,0,792,3.6.1,grass,241,,648,680,1280,24,720,24,-7,-7,1280,short,Win32,GRASS,252716,252817,252766
Mozilla,Netscape,5.0 (Windows),Con_Nat,congruent,1,B,03-10-22,03-10-22,09:26:43,0,0,0,0,0,792,3.6.1,daisy,241,,656,680,1280,24,720,24,-7,-7,1280,short,Win32,DAISY,254082,254183,254133
Mozilla,Netscape,5.0 (Windows),Inc_Synth_Nat,incongruent,1,B,03-10-22,03-10-22,09:26:43,0,0,0,0,0,792,3.6.1,harp,241,,803,680,1280,24,720,24,-7,-7,1280,short,Win32,SNAIL,255465,255566,255517
Mozilla,Netscape,5.0 (Windows),Inc_Nat_Synth,incongruent,1,B,03-10-22,03-10-22,09:26:43,0,0,0,0,0,792,3.6.1,water,241,,695,680,1280,24,720,24,-7,-7,1280,short,Win32,MEDAL,256983,257082,257032
Mozilla,Netscape,5.0 (Windows),Inc_Synth_Nat,incongruent,0,B,03-10-22,03-10-22,09:26:43,0,0,0,0,0,792,3.6.1,ruler,241,,1155,680,1280,24,720,24,-7,-7,1280,short,Win32,PANSY,258383,258483,258432
Mozilla,Netscape,5.0 (Windows),Inc_Nat_Nat,incongruent,0,B,03-10-22,03-10-22,09:26:43,0,0,0,0,0,792,3.6.1,grape,241,,693,680,1280,24,720,24,-7,-7,1280,short,Win32,LLAMA,260248,260349,260299
Mozilla,Netscape,5.0 (Windows),Inc_Synth_Synth,incongruent,0,B,03-10-22,03-10-22,09:26:43,0,0,0,0,0,792,3.6.1,ladle,241,,672,680,1280,24,720,24,-7,-7,1280,short,Win32,CAFÉ,261665,261766,261716
Mozilla,Netscape,5.0 (Windows),Con_Nat,congruent,1,B,03-10-22,03-10-22,09:26:43,0,0,0,0,0,792,3.6.1,frog,241,,726,680,1280,24,720,24,-7,-7,1280,short,Win32,FROG,263047,263148,263098
Mozilla,Netscape,5.0 (Windows),Inc_Synth_Synth,incongruent,0,B,03-10-22,03-10-22,09:26:43,0,0,0,0,0,792,3.6.1,spade,241,,805,680,1280,24,720,24,-7,-7,1280,short,Win32,SHELF,264482,264582,264531
Mozilla,Netscape,5.0 (Windows),Inc_Nat_Synth,incongruent,1,B,03-10-22,03-10-22,09:26:43,0,0,0,0,0,792,3.6.1,camel,241,,693,680,1280,24,720,24,-7,-7,1280,short,Win32,BENCH,265998,266098,266048
Mozilla,Netscape,5.0 (Windows),Con_Synth,congruent,1,B,03-10-22,03-10-22,09:26:43,0,0,0,0,0,792,3.6.1,tower,241,,877,680,1280,24,720,24,-7,-7,1280,short,Win32,TOWER,267397,267498,267448
Mozilla,Netscape,5.0 (Windows),Inc_Synth_Nat,incongruent,1,B,03-10-22,03-10-22,09:26:43,0,0,0,0,0,792,3.6.1,rake,241,,964,680,1280,24,720,24,-7,-7,1280,short,Win32,HUSKY,268981,269081,269031
Mozilla,Netscape,5.0 (Windows),Con_Synth,congruent,1,B,03-10-22,03-10-22,09:26:43,0,0,0,0,0,792,3.6.1,toast,241,,975,680,1280,24,720,24,-7,-7,1280,short,Win32,TOAST,270716,270814,270764
Mozilla,Netscape,5.0 (Windows),Con_Nat,congruent,1,B,03-10-22,03-10-22,09:26:43,0,0,0,0,0,792,3.6.1,soil,241,,1101,680,1280,24,720,24,-7,-7,1280,short,Win32,SOIL,272397,272497,272447
Mozilla,Netscape,5.0 (Windows),Inc_Nat_Nat,incongruent,0,B,03-10-22,03-10-22,09:26:43,0,0,0,0,0,792,3.6.1,lime,241,,925,680,1280,24,720,24,-7,-7,1280,short,Win32,GULLY,274214,274312,274263
Mozilla,Netscape,5.0 (Windows),Inc_Nat_Synth,incongruent,1,B,03-10-22,03-10-22,09:26:43,0,0,0,0,0,792,3.6.1,peach,241,,1116,680,1280,24,720,24,-7,-7,1280,short,Win32,SHED,275846,275948,275896
Mozilla,Netscape,5.0 (Windows),Inc_Nat_Synth,incongruent,1,B,03-10-22,03-10-22,09:26:43,0,0,0,0,0,792,3.6.1,toad,241,,954,680,1280,24,720,24,-7,-7,1280,short,Win32,GLOVE,277680,277779,277730
Mozilla,Netscape,5.0 (Windows),Con_Synth,congruent,1,B,03-10-22,03-10-22,09:26:43,0,0,0,0,0,792,3.6.1,belt,241,,774,680,1280,24,720,24,-7,-7,1280,short,Win32,BELT,279345,279447,279397
Mozilla,Netscape,5.0 (Windows),Con_Nat,congruent,1,B,03-10-22,03-10-22,09:26:43,0,0,0,0,0,792,3.6.1,whale,241,,702,680,1280,24,720,24,-7,-7,1280,short,Win32,WHALE,280829,280929,280879
Mozilla,Netscape,5.0 (Windows),Inc_Nat_Synth,incongruent,1,B,03-10-22,03-10-22,09:26:43,0,0,0,0,0,792,3.6.1,crow,241,,904,680,1280,24,720,24,-7,-7,1280,short,Win32,YACHT,282246,282346,282296
Mozilla,Netscape,5.0 (Windows),Inc_Synth_Nat,incongruent,1,B,03-10-22,03-10-22,09:26:43,0,0,0,0,0,792,3.6.1,rail,241,,1124,680,1280,24,720,24,-7,-7,1280,short,Win32,SQUID,283862,283963,283912
Mozilla,Netscape,"5.0 (Macintosh; Intel Mac OS X 10_13_6) AppleWebKit/605.1.15 (KHTML, like Gecko) Version/13.1.2 Safari/605.1.15",practice,practice,0,None,03-10-22,03-10-22,08:38:15,0,0,0,0,0,791,3.6.1,snjghf,241,,1466,800,1280,24,800,24,0,0,1280,practice,MacIntel,SHEEP,6563,6661,6613
Mozilla,Netscape,"5.0 (Macintosh; Intel Mac OS X 10_13_6) AppleWebKit/605.1.15 (KHTML, like Gecko) Version/13.1.2 Safari/605.1.15",practice,practice,1,None,03-10-22,03-10-22,08:38:15,0,0,0,0,0,791,3.6.1,iweonf,241,,1595,800,1280,24,800,24,0,0,1280,practice,MacIntel,BOAT,8751,8850,8801
Mozilla,Netscape,"5.0 (Macintosh; Intel Mac OS X 10_13_6) AppleWebKit/605.1.15 (KHTML, like Gecko) Version/13.1.2 Safari/605.1.15",practice,practice,0,None,03-10-22,03-10-22,08:38:15,0,0,0,0,0,791,3.6.1,abjdhjs,241,,1148,800,1280,24,800,24,0,0,1280,practice,MacIntel,HORSE,11072,11175,11121
Mozilla,Netscape,"5.0 (Macintosh; Intel Mac OS X 10_13_6) AppleWebKit/605.1.15 (KHTML, like Gecko) Version/13.1.2 Safari/605.1.15",practice,practice,0,None,03-10-22,03-10-22,08:38:15,0,0,0,0,0,791,3.6.1,nvoiuh,241,,1654,800,1280,24,800,24,0,0,1280,practice,MacIntel,HOUSE,12943,13043,12993
Mozilla,Netscape,"5.0 (Macintosh; Intel Mac OS X 10_13_6) AppleWebKit/605.1.15 (KHTML, like Gecko) Version/13.1.2 Safari/605.1.15",Con_Nat,congruent,0,B,03-10-22,03-10-22,08:38:15,0,0,0,0,0,791,3.6.1,slug,241,,1009,800,1280,24,800,24,0,0,1280,long,MacIntel,SLUG,12943,16483,16434
Mozilla,Netscape,"5.0 (Macintosh; Intel Mac OS X 10_13_6) AppleWebKit/605.1.15 (KHTML, like Gecko) Version/13.1.2 Safari/605.1.15",Con_Synth,congruent,1,B,03-10-22,03-10-22,08:38:15,0,0,0,0,0,791,3.6.1,broom,241,,1263,800,1280,24,800,24,0,0,1280,long,MacIntel,BROOM,12943,18254,18204
Mozilla,Netscape,"5.0 (Macintosh; Intel Mac OS X 10_13_6) AppleWebKit/605.1.15 (KHTML, like Gecko) Version/13.1.2 Safari/605.1.15",Inc_Synth_Synth,incongruent,0,B,03-10-22,03-10-22,08:38:15,0,0,0,0,0,791,3.6.1,desk,241,,1322,800,1280,24,800,24,0,0,1280,long,MacIntel,CANDY,12943,20274,20225
Mozilla,Netscape,"5.0 (Macintosh; Intel Mac OS X 10_13_6) AppleWebKit/605.1.15 (KHTML, like Gecko) Version/13.1.2 Safari/605.1.15",Inc_Nat_Nat,incongruent,1,B,03-10-22,03-10-22,08:38:15,0,0,0,0,0,791,3.6.1,shell,241,,1027,800,1280,24,800,24,0,0,1280,long,MacIntel,DIRT,12943,22363,22313
Mozilla,Netscape,"5.0 (Macintosh; Intel Mac OS X 10_13_6) AppleWebKit/605.1.15 (KHTML, like Gecko) Version/13.1.2 Safari/605.1.15",Inc_Nat_Synth,incongruent,0,B,03-10-22,03-10-22,08:38:15,0,0,0,0,0,791,3.6.1,flood,241,,918,800,1280,24,800,24,0,0,1280,long,MacIntel,SKIRT,12943,24150,24100
Mozilla,Netscape,"5.0 (Macintosh; Intel Mac OS X 10_13_6) AppleWebKit/605.1.15 (KHTML, like Gecko) Version/13.1.2 Safari/605.1.15",Inc_Synth_Nat,incongruent,0,B,03-10-22,03-10-22,08:38:15,0,0,0,0,0,791,3.6.1,mall,241,,984,800,1280,24,800,24,0,0,1280,long,MacIntel,BUSH,12943,25821,25770
Mozilla,Netscape,"5.0 (Macintosh; Intel Mac OS X 10_13_6) AppleWebKit/605.1.15 (KHTML, like Gecko) Version/13.1.2 Safari/605.1.15",Con_Nat,congruent,0,B,03-10-22,03-10-22,08:38:15,0,0,0,0,0,791,3.6.1,stone,241,,847,800,1280,24,800,24,0,0,1280,long,MacIntel,STONE,12943,27574,27524
Mozilla,Netscape,"5.0 (Macintosh; Intel Mac OS X 10_13_6) AppleWebKit/605.1.15 (KHTML, like Gecko) Version/13.1.2 Safari/605.1.15",Con_Synth,congruent,0,B,03-10-22,03-10-22,08:38:15,0,0,0,0,0,791,3.6.1,apron,241,,1251,800,1280,24,800,24,0,0,1280,long,MacIntel,APRON,12943,29178,29128
Mozilla,Netscape,"5.0 (Macintosh; Intel Mac OS X 10_13_6) AppleWebKit/605.1.15 (KHTML, like Gecko) Version/13.1.2 Safari/605.1.15",Con_Nat,congruent,0,B,03-10-22,03-10-22,08:38:15,0,0,0,0,0,791,3.6.1,moss,241,,966,800,1280,24,800,24,0,0,1280,long,MacIntel,MOSS,12943,31198,31148
Mozilla,Netscape,"5.0 (Macintosh; Intel Mac OS X 10_13_6) AppleWebKit/605.1.15 (KHTML, like Gecko) Version/13.1.2 Safari/605.1.15",Inc_Synth_Nat,incongruent,0,B,03-10-22,03-10-22,08:38:15,0,0,0,0,0,791,3.6.1,sink,241,,1470,800,1280,24,800,24,0,0,1280,long,MacIntel,LAMB,12943,32936,32886
Mozilla,Netscape,"5.0 (Macintosh; Intel Mac OS X 10_13_6) AppleWebKit/605.1.15 (KHTML, like Gecko) Version/13.1.2 Safari/605.1.15",Inc_Nat_Nat,incongruent,1,B,03-10-22,03-10-22,08:38:15,0,0,0,0,0,791,3.6.1,fruit,241,,1176,800,1280,24,800,24,0,0,1280,long,MacIntel,BEAR,12943,35173,35124
Mozilla,Netscape,"5.0 (Macintosh; Intel Mac OS X 10_13_6) AppleWebKit/605.1.15 (KHTML, like Gecko) Version/13.1.2 Safari/605.1.15",Inc_Nat_Synth,incongruent,0,B,03-10-22,03-10-22,08:38:15,0,0,0,0,0,791,3.6.1,swamp,241,,1238,800,1280,24,800,24,0,0,1280,long,MacIntel,DRILL,12943,37111,37061
Mozilla,Netscape,"5.0 (Macintosh; Intel Mac OS X 10_13_6) AppleWebKit/605.1.15 (KHTML, like Gecko) Version/13.1.2 Safari/605.1.15",Con_Nat,congruent,0,B,03-10-22,03-10-22,08:38:15,0,0,0,0,0,791,3.6.1,stick,241,,954,800,1280,24,800,24,0,0,1280,long,MacIntel,STICK,12943,39116,39065
Mozilla,Netscape,"5.0 (Macintosh; Intel Mac OS X 10_13_6) AppleWebKit/605.1.15 (KHTML, like Gecko) Version/13.1.2 Safari/605.1.15",Con_Nat,congruent,0,B,03-10-22,03-10-22,08:38:15,0,0,0,0,0,791,3.6.1,crab,241,,1128,800,1280,24,800,24,0,0,1280,long,MacIntel,CRAB,12943,40834,40786
Mozilla,Netscape,"5.0 (Macintosh; Intel Mac OS X 10_13_6) AppleWebKit/605.1.15 (KHTML, like Gecko) Version/13.1.2 Safari/605.1.15",Con_Synth,congruent,0,B,03-10-22,03-10-22,08:38:15,0,0,0,0,0,791,3.6.1,tongs,241,,1145,800,1280,24,800,24,0,0,1280,long,MacIntel,TONGS,12943,42707,42657
Mozilla,Netscape,"5.0 (Macintosh; Intel Mac OS X 10_13_6) AppleWebKit/605.1.15 (KHTML, like Gecko) Version/13.1.2 Safari/605.1.15",Inc_Nat_Synth,incongruent,0,B,03-10-22,03-10-22,08:38:15,0,0,0,0,0,791,3.6.1,cloud,241,,851,800,1280,24,800,24,0,0,1280,long,MacIntel,MOTEL,12943,44593,44544
Mozilla,Netscape,"5.0 (Macintosh; Intel Mac OS X 10_13_6) AppleWebKit/605.1.15 (KHTML, like Gecko) Version/13.1.2 Safari/605.1.15",Con_Synth,congruent,1,B,03-10-22,03-10-22,08:38:15,0,0,0,0,0,791,3.6.1,canon,241,,1303,800,1280,24,800,24,0,0,1280,long,MacIntel,CANON,12943,46214,46164
Mozilla,Netscape,"5.0 (Macintosh; Intel Mac OS X 10_13_6) AppleWebKit/605.1.15 (KHTML, like Gecko) Version/13.1.2 Safari/605.1.15",Inc_Synth_Nat,incongruent,0,B,03-10-22,03-10-22,08:38:15,0,0,0,0,0,791,3.6.1,soap,241,,1081,800,1280,24,800,24,0,0,1280,long,MacIntel,PONY,12943,48269,48218
Mozilla,Netscape,"5.0 (Macintosh; Intel Mac OS X 10_13_6) AppleWebKit/605.1.15 (KHTML, like Gecko) Version/13.1.2 Safari/605.1.15",Inc_Nat_Synth,incongruent,0,B,03-10-22,03-10-22,08:38:15,0,0,0,0,0,791,3.6.1,olive,241,,834,800,1280,24,800,24,0,0,1280,long,MacIntel,MOTOR,12943,50106,50056
Mozilla,Netscape,"5.0 (Macintosh; Intel Mac OS X 10_13_6) AppleWebKit/605.1.15 (KHTML, like Gecko) Version/13.1.2 Safari/605.1.15",Con_Nat,congruent,0,B,03-10-22,03-10-22,08:38:15,0,0,0,0,0,791,3.6.1,pear,241,,936,800,1280,24,800,24,0,0,1280,long,MacIntel,PEAR,12943,51707,51660
Mozilla,Netscape,"5.0 (Macintosh; Intel Mac OS X 10_13_6) AppleWebKit/605.1.15 (KHTML, like Gecko) Version/13.1.2 Safari/605.1.15",Con_Synth,congruent,1,B,03-10-22,03-10-22,08:38:15,0,0,0,0,0,791,3.6.1,canoe,241,,1889,800,1280,24,800,24,0,0,1280,long,MacIntel,CANOE,12943,53396,53346
Mozilla,Netscape,"5.0 (Macintosh; Intel Mac OS X 10_13_6) AppleWebKit/605.1.15 (KHTML, like Gecko) Version/13.1.2 Safari/605.1.15",Con_Nat,congruent,0,B,03-10-22,03-10-22,08:38:15,0,0,0,0,0,791,3.6.1,reef,241,,1785,800,1280,24,800,24,0,0,1280,long,MacIntel,REEF,12943,56053,56002
Mozilla,Netscape,"5.0 (Macintosh; Intel Mac OS X 10_13_6) AppleWebKit/605.1.15 (KHTML, like Gecko) Version/13.1.2 Safari/605.1.15",Inc_Synth_Nat,incongruent,0,B,03-10-22,03-10-22,08:38:15,0,0,0,0,0,791,3.6.1,bowl,241,,943,800,1280,24,800,24,0,0,1280,long,MacIntel,WOLF,12943,58591,58541
Mozilla,Netscape,"5.0 (Macintosh; Intel Mac OS X 10_13_6) AppleWebKit/605.1.15 (KHTML, like Gecko) Version/13.1.2 Safari/605.1.15",Con_Synth,congruent,1,B,03-10-22,03-10-22,08:38:15,0,0,0,0,0,791,3.6.1,ferry,241,,1476,800,1280,24,800,24,0,0,1280,long,MacIntel,FERRY,12943,60295,60245
Mozilla,Netscape,"5.0 (Macintosh; Intel Mac OS X 10_13_6) AppleWebKit/605.1.15 (KHTML, like Gecko) Version/13.1.2 Safari/605.1.15",Inc_Synth_Synth,incongruent,0,B,03-10-22,03-10-22,08:38:15,0,0,0,0,0,791,3.6.1,wire,241,,1088,800,1280,24,800,24,0,0,1280,long,MacIntel,CABIN,12943,62516,62466
Mozilla,Netscape,"5.0 (Macintosh; Intel Mac OS X 10_13_6) AppleWebKit/605.1.15 (KHTML, like Gecko) Version/13.1.2 Safari/605.1.15",Con_Synth,congruent,1,B,03-10-22,03-10-22,08:38:15,0,0,0,0,0,791,3.6.1,arrow,241,,1275,800,1280,24,800,24,0,0,1280,long,MacIntel,ARROW,12943,64370,64320
Mozilla,Netscape,"5.0 (Macintosh; Intel Mac OS X 10_13_6) AppleWebKit/605.1.15 (KHTML, like Gecko) Version/13.1.2 Safari/605.1.15",Con_Nat,congruent,0,B,03-10-22,03-10-22,08:38:15,0,0,0,0,0,791,3.6.1,swan,241,,944,800,1280,24,800,24,0,0,1280,long,MacIntel,SWAN,12943,66391,66340
Mozilla,Netscape,"5.0 (Macintosh; Intel Mac OS X 10_13_6) AppleWebKit/605.1.15 (KHTML, like Gecko) Version/13.1.2 Safari/605.1.15",Inc_Nat_Nat,incongruent,1,B,03-10-22,03-10-22,08:38:15,0,0,0,0,0,791,3.6.1,sheep,241,,1039,800,1280,24,800,24,0,0,1280,long,MacIntel,BULL,12943,68095,68044
Mozilla,Netscape,"5.0 (Macintosh; Intel Mac OS X 10_13_6) AppleWebKit/605.1.15 (KHTML, like Gecko) Version/13.1.2 Safari/605.1.15",Inc_Synth_Synth,incongruent,0,B,03-10-22,03-10-22,08:38:15,0,0,0,0,0,791,3.6.1,shoe,241,,1355,800,1280,24,800,24,0,0,1280,long,MacIntel,COUCH,12943,69898,69848
Mozilla,Netscape,"5.0 (Macintosh; Intel Mac OS X 10_13_6) AppleWebKit/605.1.15 (KHTML, like Gecko) Version/13.1.2 Safari/605.1.15",Con_Nat,congruent,0,B,03-10-22,03-10-22,08:38:15,0,0,0,0,0,791,3.6.1,boar,241,,1050,800,1280,24,800,24,0,0,1280,long,MacIntel,BOAR,12943,72020,71969
Mozilla,Netscape,"5.0 (Macintosh; Intel Mac OS X 10_13_6) AppleWebKit/605.1.15 (KHTML, like Gecko) Version/13.1.2 Safari/605.1.15",Con_Nat,congruent,0,B,03-10-22,03-10-22,08:38:15,0,0,0,0,0,791,3.6.1,clam,241,,966,800,1280,24,800,24,0,0,1280,long,MacIntel,CLAM,12943,73840,73790
Mozilla,Netscape,"5.0 (Macintosh; Intel Mac OS X 10_13_6) AppleWebKit/605.1.15 (KHTML, like Gecko) Version/13.1.2 Safari/605.1.15",Inc_Synth_Synth,incongruent,0,B,03-10-22,03-10-22,08:38:15,0,0,0,0,0,791,3.6.1,taxi,241,,773,800,1280,24,800,24,0,0,1280,long,MacIntel,CHAIN,12943,75544,75494
Mozilla,Netscape,"5.0 (Macintosh; Intel Mac OS X 10_13_6) AppleWebKit/605.1.15 (KHTML, like Gecko) Version/13.1.2 Safari/605.1.15",Inc_Nat_Nat,incongruent,1,B,03-10-22,03-10-22,08:38:15,0,0,0,0,0,791,3.6.1,shark,241,,902,800,1280,24,800,24,0,0,1280,long,MacIntel,HILL,12943,77064,77014
Mozilla,Netscape,"5.0 (Macintosh; Intel Mac OS X 10_13_6) AppleWebKit/605.1.15 (KHTML, like Gecko) Version/13.1.2 Safari/605.1.15",Inc_Nat_Synth,incongruent,1,B,03-10-22,03-10-22,08:38:15,0,0,0,0,0,791,3.6.1,wheat,241,,1952,800,1280,24,800,24,0,0,1280,long,MacIntel,BRICK,12943,78734,78684
Mozilla,Netscape,"5.0 (Macintosh; Intel Mac OS X 10_13_6) AppleWebKit/605.1.15 (KHTML, like Gecko) Version/13.1.2 Safari/605.1.15",Con_Synth,congruent,0,B,03-10-22,03-10-22,08:38:15,0,0,0,0,0,791,3.6.1,stove,241,,781,800,1280,24,800,24,0,0,1280,long,MacIntel,STOVE,12943,81441,81389
Mozilla,Netscape,"5.0 (Macintosh; Intel Mac OS X 10_13_6) AppleWebKit/605.1.15 (KHTML, like Gecko) Version/13.1.2 Safari/605.1.15",Inc_Synth_Nat,incongruent,0,B,03-10-22,03-10-22,08:38:15,0,0,0,0,0,791,3.6.1,barn,241,,1509,800,1280,24,800,24,0,0,1280,long,MacIntel,TUNA,12943,82977,82925
Mozilla,Netscape,"5.0 (Macintosh; Intel Mac OS X 10_13_6) AppleWebKit/605.1.15 (KHTML, like Gecko) Version/13.1.2 Safari/605.1.15",Con_Synth,congruent,0,B,03-10-22,03-10-22,08:38:15,0,0,0,0,0,791,3.6.1,linen,241,,1605,800,1280,24,800,24,0,0,1280,long,MacIntel,LINEN,12943,85247,85197
Mozilla,Netscape,"5.0 (Macintosh; Intel Mac OS X 10_13_6) AppleWebKit/605.1.15 (KHTML, like Gecko) Version/13.1.2 Safari/605.1.15",Inc_Synth_Synth,incongruent,0,B,03-10-22,03-10-22,08:38:15,0,0,0,0,0,791,3.6.1,deck,241,,905,800,1280,24,800,24,0,0,1280,long,MacIntel,PLATE,12943,87620,87570
Mozilla,Netscape,"5.0 (Macintosh; Intel Mac OS X 10_13_6) AppleWebKit/605.1.15 (KHTML, like Gecko) Version/13.1.2 Safari/605.1.15",Con_Synth,congruent,0,B,03-10-22,03-10-22,08:38:15,0,0,0,0,0,791,3.6.1,flute,241,,1290,800,1280,24,800,24,0,0,1280,long,MacIntel,FLUTE,12943,89290,89240
Mozilla,Netscape,"5.0 (Macintosh; Intel Mac OS X 10_13_6) AppleWebKit/605.1.15 (KHTML, like Gecko) Version/13.1.2 Safari/605.1.15",Con_Synth,congruent,0,B,03-10-22,03-10-22,08:38:15,0,0,0,0,0,791,3.6.1,stair,241,,933,800,1280,24,800,24,0,0,1280,long,MacIntel,STAIR,12943,91328,91278
Mozilla,Netscape,"5.0 (Macintosh; Intel Mac OS X 10_13_6) AppleWebKit/605.1.15 (KHTML, like Gecko) Version/13.1.2 Safari/605.1.15",Inc_Nat_Nat,incongruent,1,B,03-10-22,03-10-22,08:38:15,0,0,0,0,0,791,3.6.1,bunny,241,,856,800,1280,24,800,24,0,0,1280,long,MacIntel,ROSE,12943,93032,92982
Mozilla,Netscape,"5.0 (Macintosh; Intel Mac OS X 10_13_6) AppleWebKit/605.1.15 (KHTML, like Gecko) Version/13.1.2 Safari/605.1.15",Inc_Nat_Synth,incongruent,0,B,03-10-22,03-10-22,08:38:15,0,0,0,0,0,791,3.6.1,eagle,241,,906,800,1280,24,800,24,0,0,1280,long,MacIntel,WAGON,12943,94651,94601
Mozilla,Netscape,"5.0 (Macintosh; Intel Mac OS X 10_13_6) AppleWebKit/605.1.15 (KHTML, like Gecko) Version/13.1.2 Safari/605.1.15",Con_Nat,congruent,0,B,03-10-22,03-10-22,08:38:15,0,0,0,0,0,791,3.6.1,peas,241,,780,800,1280,24,800,24,0,0,1280,long,MacIntel,PEAS,12943,96322,96272
Mozilla,Netscape,"5.0 (Macintosh; Intel Mac OS X 10_13_6) AppleWebKit/605.1.15 (KHTML, like Gecko) Version/13.1.2 Safari/605.1.15",Con_Nat,congruent,0,B,03-10-22,03-10-22,08:38:15,0,0,0,0,0,791,3.6.1,wasp,241,,812,800,1280,24,800,24,0,0,1280,long,MacIntel,WASP,12943,97842,97792
Mozilla,Netscape,"5.0 (Macintosh; Intel Mac OS X 10_13_6) AppleWebKit/605.1.15 (KHTML, like Gecko) Version/13.1.2 Safari/605.1.15",Con_Synth,congruent,0,B,03-10-22,03-10-22,08:38:15,0,0,0,0,0,791,3.6.1,crate,241,,1281,800,1280,24,800,24,0,0,1280,long,MacIntel,CRATE,12943,99394,99345
Mozilla,Netscape,"5.0 (Macintosh; Intel Mac OS X 10_13_6) AppleWebKit/605.1.15 (KHTML, like Gecko) Version/13.1.2 Safari/605.1.15",Con_Synth,congruent,1,B,03-10-22,03-10-22,08:38:15,0,0,0,0,0,791,3.6.1,flask,241,,757,800,1280,24,800,24,0,0,1280,long,MacIntel,FLASK,12943,101417,101366
Mozilla,Netscape,"5.0 (Macintosh; Intel Mac OS X 10_13_6) AppleWebKit/605.1.15 (KHTML, like Gecko) Version/13.1.2 Safari/605.1.15",Inc_Synth_Synth,incongruent,0,B,03-10-22,03-10-22,08:38:15,0,0,0,0,0,791,3.6.1,cake,241,,1165,800,1280,24,800,24,0,0,1280,long,MacIntel,TRASH,12943,102936,102886
Mozilla,Netscape,"5.0 (Macintosh; Intel Mac OS X 10_13_6) AppleWebKit/605.1.15 (KHTML, like Gecko) Version/13.1.2 Safari/605.1.15",Inc_Nat_Synth,incongruent,0,B,03-10-22,03-10-22,08:38:15,0,0,0,0,0,791,3.6.1,moose,241,,1699,800,1280,24,800,24,0,0,1280,long,MacIntel,PORCH,12943,104841,104790
Mozilla,Netscape,"5.0 (Macintosh; Intel Mac OS X 10_13_6) AppleWebKit/605.1.15 (KHTML, like Gecko) Version/13.1.2 Safari/605.1.15",Con_Synth,congruent,1,B,03-10-22,03-10-22,08:38:15,0,0,0,0,0,791,3.6.1,jeans,241,,1029,800,1280,24,800,24,0,0,1280,long,MacIntel,JEANS,12943,107312,107262
Mozilla,Netscape,"5.0 (Macintosh; Intel Mac OS X 10_13_6) AppleWebKit/605.1.15 (KHTML, like Gecko) Version/13.1.2 Safari/605.1.15",Inc_Synth_Nat,incongruent,0,B,03-10-22,03-10-22,08:38:15,0,0,0,0,0,791,3.6.1,pipe,241,,1218,800,1280,24,800,24,0,0,1280,long,MacIntel,LION,12943,109083,109033
Mozilla,Netscape,"5.0 (Macintosh; Intel Mac OS X 10_13_6) AppleWebKit/605.1.15 (KHTML, like Gecko) Version/13.1.2 Safari/605.1.15",Con_Nat,congruent,0,B,03-10-22,03-10-22,08:38:15,0,0,0,0,0,791,3.6.1,earth,241,,966,800,1280,24,800,24,0,0,1280,long,MacIntel,EARTH,12943,111071,111020
Mozilla,Netscape,"5.0 (Macintosh; Intel Mac OS X 10_13_6) AppleWebKit/605.1.15 (KHTML, like Gecko) Version/13.1.2 Safari/605.1.15",Inc_Synth_Synth,incongruent,0,B,03-10-22,03-10-22,08:38:15,0,0,0,0,0,791,3.6.1,bell,241,,1502,800,1280,24,800,24,0,0,1280,long,MacIntel,WHEEL,12943,112807,112757
Mozilla,Netscape,"5.0 (Macintosh; Intel Mac OS X 10_13_6) AppleWebKit/605.1.15 (KHTML, like Gecko) Version/13.1.2 Safari/605.1.15",Con_Nat,congruent,0,B,03-10-22,03-10-22,08:38:15,0,0,0,0,0,791,3.6.1,hare,241,,1615,800,1280,24,800,24,0,0,1280,long,MacIntel,HARE,12943,115079,115029
Mozilla,Netscape,"5.0 (Macintosh; Intel Mac OS X 10_13_6) AppleWebKit/605.1.15 (KHTML, like Gecko) Version/13.1.2 Safari/605.1.15",Inc_Synth_Synth,incongruent,0,B,03-10-22,03-10-22,08:38:15,0,0,0,0,0,791,3.6.1,roof,241,,747,800,1280,24,800,24,0,0,1280,long,MacIntel,PIANO,12943,117451,117401
Mozilla,Netscape,"5.0 (Macintosh; Intel Mac OS X 10_13_6) AppleWebKit/605.1.15 (KHTML, like Gecko) Version/13.1.2 Safari/605.1.15",Inc_Nat_Nat,incongruent,0,B,03-10-22,03-10-22,08:38:15,0,0,0,0,0,791,3.6.1,storm,241,,2001,800,1280,24,800,24,0,0,1280,long,MacIntel,LAND,12943,118937,118887
Mozilla,Netscape,"5.0 (Macintosh; Intel Mac OS X 10_13_6) AppleWebKit/605.1.15 (KHTML, like Gecko) Version/13.1.2 Safari/605.1.15",Inc_Nat_Nat,incongruent,1,B,03-10-22,03-10-22,08:38:15,0,0,0,0,0,791,3.6.1,ocean,241,,800,800,1280,24,800,24,0,0,1280,long,MacIntel,TREE,12943,121693,121643
Mozilla,Netscape,"5.0 (Macintosh; Intel Mac OS X 10_13_6) AppleWebKit/605.1.15 (KHTML, like Gecko) Version/13.1.2 Safari/605.1.15",Con_Synth,congruent,0,B,03-10-22,03-10-22,08:38:15,0,0,0,0,0,791,3.6.1,scarf,241,,966,800,1280,24,800,24,0,0,1280,long,MacIntel,SCARF,12943,123247,123197
Mozilla,Netscape,"5.0 (Macintosh; Intel Mac OS X 10_13_6) AppleWebKit/605.1.15 (KHTML, like Gecko) Version/13.1.2 Safari/605.1.15",Con_Nat,congruent,0,B,03-10-22,03-10-22,08:38:15,0,0,0,0,0,791,3.6.1,plum,241,,1166,800,1280,24,800,24,0,0,1280,long,MacIntel,PLUM,12943,124984,124932
Mozilla,Netscape,"5.0 (Macintosh; Intel Mac OS X 10_13_6) AppleWebKit/605.1.15 (KHTML, like Gecko) Version/13.1.2 Safari/605.1.15",Inc_Synth_Nat,incongruent,0,B,03-10-22,03-10-22,08:38:15,0,0,0,0,0,791,3.6.1,fort,241,,1118,800,1280,24,800,24,0,0,1280,long,MacIntel,GOAT,12943,126888,126836
Mozilla,Netscape,"5.0 (Macintosh; Intel Mac OS X 10_13_6) AppleWebKit/605.1.15 (KHTML, like Gecko) Version/13.1.2 Safari/605.1.15",Inc_Nat_Nat,incongruent,1,B,03-10-22,03-10-22,08:38:15,0,0,0,0,0,791,3.6.1,lemon,241,,959,800,1280,24,800,24,0,0,1280,long,MacIntel,DUCK,12943,128759,128709
Mozilla,Netscape,"5.0 (Macintosh; Intel Mac OS X 10_13_6) AppleWebKit/605.1.15 (KHTML, like Gecko) Version/13.1.2 Safari/605.1.15",Con_Synth,congruent,0,B,03-10-22,03-10-22,08:38:15,0,0,0,0,0,791,3.6.1,paint,241,,1063,800,1280,24,800,24,0,0,1280,short,MacIntel,PAINT,166038,166137,166088
Mozilla,Netscape,"5.0 (Macintosh; Intel Mac OS X 10_13_6) AppleWebKit/605.1.15 (KHTML, like Gecko) Version/13.1.2 Safari/605.1.15",Inc_Nat_Nat,incongruent,0,B,03-10-22,03-10-22,08:38:15,0,0,0,0,0,791,3.6.1,poppy,241,,1291,800,1280,24,800,24,0,0,1280,short,MacIntel,DINGO,167825,167929,167876
Mozilla,Netscape,"5.0 (Macintosh; Intel Mac OS X 10_13_6) AppleWebKit/605.1.15 (KHTML, like Gecko) Version/13.1.2 Safari/605.1.15",Con_Nat,congruent,0,B,03-10-22,03-10-22,08:38:15,0,0,0,0,0,791,3.6.1,cave,241,,1637,800,1280,24,800,24,0,0,1280,short,MacIntel,CAVE,169846,169950,169897
Mozilla,Netscape,"5.0 (Macintosh; Intel Mac OS X 10_13_6) AppleWebKit/605.1.15 (KHTML, like Gecko) Version/13.1.2 Safari/605.1.15",Con_Nat,congruent,0,B,03-10-22,03-10-22,08:38:15,0,0,0,0,0,791,3.6.1,frog,241,,873,800,1280,24,800,24,0,0,1280,short,MacIntel,FROG,172219,172319,172268
Mozilla,Netscape,"5.0 (Macintosh; Intel Mac OS X 10_13_6) AppleWebKit/605.1.15 (KHTML, like Gecko) Version/13.1.2 Safari/605.1.15",Inc_Nat_Synth,incongruent,0,B,03-10-22,03-10-22,08:38:15,0,0,0,0,0,791,3.6.1,toad,241,,1541,800,1280,24,800,24,0,0,1280,short,MacIntel,GLOVE,173821,173925,173872
Mozilla,Netscape,"5.0 (Macintosh; Intel Mac OS X 10_13_6) AppleWebKit/605.1.15 (KHTML, like Gecko) Version/13.1.2 Safari/605.1.15",Con_Nat,congruent,0,B,03-10-22,03-10-22,08:38:15,0,0,0,0,0,791,3.6.1,creek,241,,1685,800,1280,24,800,24,0,0,1280,short,MacIntel,CREEK,176094,176197,176144
Mozilla,Netscape,"5.0 (Macintosh; Intel Mac OS X 10_13_6) AppleWebKit/605.1.15 (KHTML, like Gecko) Version/13.1.2 Safari/605.1.15",Inc_Nat_Nat,incongruent,1,B,03-10-22,03-10-22,08:38:15,0,0,0,0,0,791,3.6.1,fern,241,,1121,800,1280,24,800,24,0,0,1280,short,MacIntel,PETAL,178515,178616,178565
Mozilla,Netscape,"5.0 (Macintosh; Intel Mac OS X 10_13_6) AppleWebKit/605.1.15 (KHTML, like Gecko) Version/13.1.2 Safari/605.1.15",Con_Synth,congruent,0,B,03-10-22,03-10-22,08:38:15,0,0,0,0,0,791,3.6.1,bread,241,,1652,800,1280,24,800,24,0,0,1280,short,MacIntel,BREAD,180370,180452,180417
Mozilla,Netscape,"5.0 (Macintosh; Intel Mac OS X 10_13_6) AppleWebKit/605.1.15 (KHTML, like Gecko) Version/13.1.2 Safari/605.1.15",Inc_Nat_Synth,incongruent,0,B,03-10-22,03-10-22,08:38:15,0,0,0,0,0,791,3.6.1,peach,241,,1110,800,1280,24,800,24,0,0,1280,short,MacIntel,SHED,182741,182841,182792
Mozilla,Netscape,"5.0 (Macintosh; Intel Mac OS X 10_13_6) AppleWebKit/605.1.15 (KHTML, like Gecko) Version/13.1.2 Safari/605.1.15",Inc_Synth_Nat,incongruent,0,B,03-10-22,03-10-22,08:38:15,0,0,0,0,0,791,3.6.1,rail,241,,1147,800,1280,24,800,24,0,0,1280,short,MacIntel,SQUID,184578,184681,184628
Mozilla,Netscape,"5.0 (Macintosh; Intel Mac OS X 10_13_6) AppleWebKit/605.1.15 (KHTML, like Gecko) Version/13.1.2 Safari/605.1.15",Con_Nat,congruent,0,B,03-10-22,03-10-22,08:38:15,0,0,0,0,0,791,3.6.1,hawk,241,,1373,800,1280,24,800,24,0,0,1280,short,MacIntel,HAWK,186449,186547,186497
Mozilla,Netscape,"5.0 (Macintosh; Intel Mac OS X 10_13_6) AppleWebKit/605.1.15 (KHTML, like Gecko) Version/13.1.2 Safari/605.1.15",Inc_Synth_Nat,incongruent,0,B,03-10-22,03-10-22,08:38:15,0,0,0,0,0,791,3.6.1,spear,241,,1875,800,1280,24,800,24,0,0,1280,short,MacIntel,MOTH,188553,188652,188602
Mozilla,Netscape,"5.0 (Macintosh; Intel Mac OS X 10_13_6) AppleWebKit/605.1.15 (KHTML, like Gecko) Version/13.1.2 Safari/605.1.15",Inc_Synth_Nat,incongruent,0,B,03-10-22,03-10-22,08:38:15,0,0,0,0,0,791,3.6.1,arena,241,,1477,800,1280,24,800,24,0,0,1280,short,MacIntel,VINE,191159,191259,191209
Mozilla,Netscape,"5.0 (Macintosh; Intel Mac OS X 10_13_6) AppleWebKit/605.1.15 (KHTML, like Gecko) Version/13.1.2 Safari/605.1.15",Con_Nat,congruent,0,B,03-10-22,03-10-22,08:38:15,0,0,0,0,0,791,3.6.1,worm,241,,1250,800,1280,24,800,24,0,0,1280,short,MacIntel,WORM,193347,193447,193397
Mozilla,Netscape,"5.0 (Macintosh; Intel Mac OS X 10_13_6) AppleWebKit/605.1.15 (KHTML, like Gecko) Version/13.1.2 Safari/605.1.15",Con_Synth,congruent,0,B,03-10-22,03-10-22,08:38:15,0,0,0,0,0,791,3.6.1,doll,241,,2017,800,1280,24,800,24,0,0,1280,short,MacIntel,DOLL,195301,195404,195351
Mozilla,Netscape,"5.0 (Macintosh; Intel Mac OS X 10_13_6) AppleWebKit/605.1.15 (KHTML, like Gecko) Version/13.1.2 Safari/605.1.15",Inc_Nat_Nat,incongruent,0,B,03-10-22,03-10-22,08:38:15,0,0,0,0,0,791,3.6.1,grape,241,,1068,800,1280,24,800,24,0,0,1280,short,MacIntel,LLAMA,198041,198141,198091
Mozilla,Netscape,"5.0 (Macintosh; Intel Mac OS X 10_13_6) AppleWebKit/605.1.15 (KHTML, like Gecko) Version/13.1.2 Safari/605.1.15",Con_Nat,congruent,0,B,03-10-22,03-10-22,08:38:15,0,0,0,0,0,791,3.6.1,seed,241,,1144,800,1280,24,800,24,0,0,1280,short,MacIntel,SEED,199845,199945,199894
Mozilla,Netscape,"5.0 (Macintosh; Intel Mac OS X 10_13_6) AppleWebKit/605.1.15 (KHTML, like Gecko) Version/13.1.2 Safari/605.1.15",Inc_Synth_Synth,incongruent,0,B,03-10-22,03-10-22,08:38:15,0,0,0,0,0,791,3.6.1,kiosk,241,,922,800,1280,24,800,24,0,0,1280,short,MacIntel,SOFA,201715,201815,201765
Mozilla,Netscape,"5.0 (Macintosh; Intel Mac OS X 10_13_6) AppleWebKit/605.1.15 (KHTML, like Gecko) Version/13.1.2 Safari/605.1.15",Con_Synth,congruent,0,B,03-10-22,03-10-22,08:38:15,0,0,0,0,0,791,3.6.1,rope,241,,1340,800,1280,24,800,24,0,0,1280,short,MacIntel,ROPE,203368,203472,203418
Mozilla,Netscape,"5.0 (Macintosh; Intel Mac OS X 10_13_6) AppleWebKit/605.1.15 (KHTML, like Gecko) Version/13.1.2 Safari/605.1.15",Con_Synth,congruent,0,B,03-10-22,03-10-22,08:38:15,0,0,0,0,0,791,3.6.1,belt,241,,1037,800,1280,24,800,24,0,0,1280,short,MacIntel,BELT,205440,205540,205490
Mozilla,Netscape,"5.0 (Macintosh; Intel Mac OS X 10_13_6) AppleWebKit/605.1.15 (KHTML, like Gecko) Version/13.1.2 Safari/605.1.15",Con_Nat,congruent,0,B,03-10-22,03-10-22,08:38:15,0,0,0,0,0,791,3.6.1,corn,241,,1026,800,1280,24,800,24,0,0,1280,short,MacIntel,CORN,207210,207313,207261
Mozilla,Netscape,"5.0 (Macintosh; Intel Mac OS X 10_13_6) AppleWebKit/605.1.15 (KHTML, like Gecko) Version/13.1.2 Safari/605.1.15",Inc_Nat_Nat,incongruent,0,B,03-10-22,03-10-22,08:38:15,0,0,0,0,0,791,3.6.1,lime,241,,1544,800,1280,24,800,24,0,0,1280,short,MacIntel,GULLY,208948,209051,208998
Mozilla,Netscape,"5.0 (Macintosh; Intel Mac OS X 10_13_6) AppleWebKit/605.1.15 (KHTML, like Gecko) Version/13.1.2 Safari/605.1.15",Inc_Synth_Nat,incongruent,0,B,03-10-22,03-10-22,08:38:15,0,0,0,0,0,791,3.6.1,sewer,241,,1154,800,1280,24,800,24,0,0,1280,short,MacIntel,CORAL,211220,211319,211269
Mozilla,Netscape,"5.0 (Macintosh; Intel Mac OS X 10_13_6) AppleWebKit/605.1.15 (KHTML, like Gecko) Version/13.1.2 Safari/605.1.15",Inc_Synth_Synth,incongruent,0,B,03-10-22,03-10-22,08:38:15,0,0,0,0,0,791,3.6.1,sash,241,,1154,800,1280,24,800,24,0,0,1280,short,MacIntel,CLOTH,213105,213210,213155
Mozilla,Netscape,"5.0 (Macintosh; Intel Mac OS X 10_13_6) AppleWebKit/605.1.15 (KHTML, like Gecko) Version/13.1.2 Safari/605.1.15",Inc_Synth_Synth,incongruent,0,B,03-10-22,03-10-22,08:38:15,0,0,0,0,0,791,3.6.1,ladle,241,,1267,800,1280,24,800,24,0,0,1280,short,MacIntel,CAFÉ,214994,215093,215044
Mozilla,Netscape,"5.0 (Macintosh; Intel Mac OS X 10_13_6) AppleWebKit/605.1.15 (KHTML, like Gecko) Version/13.1.2 Safari/605.1.15",Inc_Synth_Nat,incongruent,0,B,03-10-22,03-10-22,08:38:15,0,0,0,0,0,791,3.6.1,harp,241,,943,800,1280,24,800,24,0,0,1280,short,MacIntel,SNAIL,216998,217098,217048
Mozilla,Netscape,"5.0 (Macintosh; Intel Mac OS X 10_13_6) AppleWebKit/605.1.15 (KHTML, like Gecko) Version/13.1.2 Safari/605.1.15",Con_Synth,congruent,0,B,03-10-22,03-10-22,08:38:15,0,0,0,0,0,791,3.6.1,tower,241,,1105,800,1280,24,800,24,0,0,1280,short,MacIntel,TOWER,218668,218771,218719
Mozilla,Netscape,"5.0 (Macintosh; Intel Mac OS X 10_13_6) AppleWebKit/605.1.15 (KHTML, like Gecko) Version/13.1.2 Safari/605.1.15",Con_Nat,congruent,0,B,03-10-22,03-10-22,08:38:15,0,0,0,0,0,791,3.6.1,daisy,241,,1090,800,1280,24,800,24,0,0,1280,short,MacIntel,DAISY,220506,220605,220556
Mozilla,Netscape,"5.0 (Macintosh; Intel Mac OS X 10_13_6) AppleWebKit/605.1.15 (KHTML, like Gecko) Version/13.1.2 Safari/605.1.15",Con_Nat,congruent,0,B,03-10-22,03-10-22,08:38:15,0,0,0,0,0,791,3.6.1,whale,241,,830,800,1280,24,800,24,0,0,1280,short,MacIntel,WHALE,222325,222429,222375
Mozilla,Netscape,"5.0 (Macintosh; Intel Mac OS X 10_13_6) AppleWebKit/605.1.15 (KHTML, like Gecko) Version/13.1.2 Safari/605.1.15",Con_Synth,congruent,0,B,03-10-22,03-10-22,08:38:15,0,0,0,0,0,791,3.6.1,gate,241,,1012,800,1280,24,800,24,0,0,1280,short,MacIntel,GATE,223863,223966,223913
Mozilla,Netscape,"5.0 (Macintosh; Intel Mac OS X 10_13_6) AppleWebKit/605.1.15 (KHTML, like Gecko) Version/13.1.2 Safari/605.1.15",Inc_Synth_Synth,incongruent,0,B,03-10-22,03-10-22,08:38:15,0,0,0,0,0,791,3.6.1,spade,241,,1212,800,1280,24,800,24,0,0,1280,short,MacIntel,SHELF,225600,225700,225649
Mozilla,Netscape,"5.0 (Macintosh; Intel Mac OS X 10_13_6) AppleWebKit/605.1.15 (KHTML, like Gecko) Version/13.1.2 Safari/605.1.15",Inc_Nat_Synth,incongruent,1,B,03-10-22,03-10-22,08:38:15,0,0,0,0,0,791,3.6.1,melon,241,,1451,800,1280,24,800,24,0,0,1280,short,MacIntel,HOSE,227521,227624,227570
Mozilla,Netscape,"5.0 (Macintosh; Intel Mac OS X 10_13_6) AppleWebKit/605.1.15 (KHTML, like Gecko) Version/13.1.2 Safari/605.1.15",Con_Synth,congruent,0,B,03-10-22,03-10-22,08:38:15,0,0,0,0,0,791,3.6.1,toast,241,,1047,800,1280,24,800,24,0,0,1280,short,MacIntel,TOAST,229708,229808,229759
Mozilla,Netscape,"5.0 (Macintosh; Intel Mac OS X 10_13_6) AppleWebKit/605.1.15 (KHTML, like Gecko) Version/13.1.2 Safari/605.1.15",Inc_Synth_Synth,incongruent,0,B,03-10-22,03-10-22,08:38:15,0,0,0,0,0,791,3.6.1,silo,241,,1484,800,1280,24,800,24,0,0,1280,short,MacIntel,PLAZA,231479,231582,231529
Mozilla,Netscape,"5.0 (Macintosh; Intel Mac OS X 10_13_6) AppleWebKit/605.1.15 (KHTML, like Gecko) Version/13.1.2 Safari/605.1.15",Inc_Nat_Nat,incongruent,0,B,03-10-22,03-10-22,08:38:15,0,0,0,0,0,791,3.6.1,berry,241,,1552,800,1280,24,800,24,0,0,1280,short,MacIntel,OTTER,233701,233801,233751
Mozilla,Netscape,"5.0 (Macintosh; Intel Mac OS X 10_13_6) AppleWebKit/605.1.15 (KHTML, like Gecko) Version/13.1.2 Safari/605.1.15",Inc_Synth_Synth,incongruent,0,B,03-10-22,03-10-22,08:38:15,0,0,0,0,0,791,3.6.1,wharf,241,,1416,800,1280,24,800,24,0,0,1280,short,MacIntel,RAZOR,235990,236089,236039
Mozilla,Netscape,"5.0 (Macintosh; Intel Mac OS X 10_13_6) AppleWebKit/605.1.15 (KHTML, like Gecko) Version/13.1.2 Safari/605.1.15",Con_Synth,congruent,0,B,03-10-22,03-10-22,08:38:15,0,0,0,0,0,791,3.6.1,coat,241,,1477,800,1280,24,800,24,0,0,1280,short,MacIntel,COAT,238111,238210,238161
Mozilla,Netscape,"5.0 (Macintosh; Intel Mac OS X 10_13_6) AppleWebKit/605.1.15 (KHTML, like Gecko) Version/13.1.2 Safari/605.1.15",Inc_Synth_Nat,incongruent,0,B,03-10-22,03-10-22,08:38:15,0,0,0,0,0,791,3.6.1,rake,241,,1274,800,1280,24,800,24,0,0,1280,short,MacIntel,HUSKY,240315,240415,240364
Mozilla,Netscape,"5.0 (Macintosh; Intel Mac OS X 10_13_6) AppleWebKit/605.1.15 (KHTML, like Gecko) Version/13.1.2 Safari/605.1.15",Con_Synth,congruent,0,B,03-10-22,03-10-22,08:38:15,0,0,0,0,0,791,3.6.1,drug,241,,925,800,1280,24,800,24,0,0,1280,short,MacIntel,DRUG,242319,242422,242369
Mozilla,Netscape,"5.0 (Macintosh; Intel Mac OS X 10_13_6) AppleWebKit/605.1.15 (KHTML, like Gecko) Version/13.1.2 Safari/605.1.15",Inc_Nat_Synth,incongruent,0,B,03-10-22,03-10-22,08:38:15,0,0,0,0,0,791,3.6.1,mice,241,,1505,800,1280,24,800,24,0,0,1280,short,MacIntel,TOOLS,243957,244055,244005
Mozilla,Netscape,"5.0 (Macintosh; Intel Mac OS X 10_13_6) AppleWebKit/605.1.15 (KHTML, like Gecko) Version/13.1.2 Safari/605.1.15",Inc_Nat_Synth,incongruent,0,B,03-10-22,03-10-22,08:38:15,0,0,0,0,0,791,3.6.1,leaf,241,,994,800,1280,24,800,24,0,0,1280,short,MacIntel,COIN,246195,246294,246244
Mozilla,Netscape,"5.0 (Macintosh; Intel Mac OS X 10_13_6) AppleWebKit/605.1.15 (KHTML, like Gecko) Version/13.1.2 Safari/605.1.15",Inc_Nat_Synth,incongruent,0,B,03-10-22,03-10-22,08:38:15,0,0,0,0,0,791,3.6.1,water,241,,1041,800,1280,24,800,24,0,0,1280,short,MacIntel,MEDAL,247899,248001,247948
Mozilla,Netscape,"5.0 (Macintosh; Intel Mac OS X 10_13_6) AppleWebKit/605.1.15 (KHTML, like Gecko) Version/13.1.2 Safari/605.1.15",Con_Synth,congruent,0,B,03-10-22,03-10-22,08:38:15,0,0,0,0,0,791,3.6.1,sword,241,,1034,800,1280,24,800,24,0,0,1280,short,MacIntel,SWORD,249669,249768,249719
Mozilla,Netscape,"5.0 (Macintosh; Intel Mac OS X 10_13_6) AppleWebKit/605.1.15 (KHTML, like Gecko) Version/13.1.2 Safari/605.1.15",Inc_Synth_Synth,incongruent,0,B,03-10-22,03-10-22,08:38:15,0,0,0,0,0,791,3.6.1,patio,241,,822,800,1280,24,800,24,0,0,1280,short,MacIntel,SPOON,251422,251522,251473
Mozilla,Netscape,"5.0 (Macintosh; Intel Mac OS X 10_13_6) AppleWebKit/605.1.15 (KHTML, like Gecko) Version/13.1.2 Safari/605.1.15",Con_Nat,congruent,0,B,03-10-22,03-10-22,08:38:15,0,0,0,0,0,791,3.6.1,soil,241,,1198,800,1280,24,800,24,0,0,1280,short,MacIntel,SOIL,252959,253058,253009
Mozilla,Netscape,"5.0 (Macintosh; Intel Mac OS X 10_13_6) AppleWebKit/605.1.15 (KHTML, like Gecko) Version/13.1.2 Safari/605.1.15",Inc_Nat_Synth,incongruent,1,B,03-10-22,03-10-22,08:38:15,0,0,0,0,0,791,3.6.1,camel,241,,1398,800,1280,24,800,24,0,0,1280,short,MacIntel,BENCH,254863,254963,254914
Mozilla,Netscape,"5.0 (Macintosh; Intel Mac OS X 10_13_6) AppleWebKit/605.1.15 (KHTML, like Gecko) Version/13.1.2 Safari/605.1.15",Con_Synth,congruent,1,B,03-10-22,03-10-22,08:38:15,0,0,0,0,0,791,3.6.1,mail,241,,1396,800,1280,24,800,24,0,0,1280,short,MacIntel,MAIL,256968,257067,257018
Mozilla,Netscape,"5.0 (Macintosh; Intel Mac OS X 10_13_6) AppleWebKit/605.1.15 (KHTML, like Gecko) Version/13.1.2 Safari/605.1.15",Con_Nat,congruent,0,B,03-10-22,03-10-22,08:38:15,0,0,0,0,0,791,3.6.1,puppy,241,,1154,800,1280,24,800,24,0,0,1280,short,MacIntel,PUPPY,259090,259189,259140
Mozilla,Netscape,"5.0 (Macintosh; Intel Mac OS X 10_13_6) AppleWebKit/605.1.15 (KHTML, like Gecko) Version/13.1.2 Safari/605.1.15",Inc_Nat_Nat,incongruent,0,B,03-10-22,03-10-22,08:38:15,0,0,0,0,0,791,3.6.1,cobra,241,,1413,800,1280,24,800,24,0,0,1280,short,MacIntel,TWIG,260960,261065,261010
Mozilla,Netscape,"5.0 (Macintosh; Intel Mac OS X 10_13_6) AppleWebKit/605.1.15 (KHTML, like Gecko) Version/13.1.2 Safari/605.1.15",Con_Synth,congruent,0,B,03-10-22,03-10-22,08:38:15,0,0,0,0,0,791,3.6.1,tank,241,,1357,800,1280,24,800,24,0,0,1280,short,MacIntel,TANK,263098,263197,263148
Mozilla,Netscape,"5.0 (Macintosh; Intel Mac OS X 10_13_6) AppleWebKit/605.1.15 (KHTML, like Gecko) Version/13.1.2 Safari/605.1.15",Con_Nat,congruent,0,B,03-10-22,03-10-22,08:38:15,0,0,0,0,0,791,3.6.1,tiger,241,,930,800,1280,24,800,24,0,0,1280,short,MacIntel,TIGER,265186,265289,265236
Mozilla,Netscape,"5.0 (Macintosh; Intel Mac OS X 10_13_6) AppleWebKit/605.1.15 (KHTML, like Gecko) Version/13.1.2 Safari/605.1.15",Con_Synth,congruent,0,B,03-10-22,03-10-22,08:38:15,0,0,0,0,0,791,3.6.1,cable,241,,1323,800,1280,24,800,24,0,0,1280,short,MacIntel,CABLE,266821,266925,266872
Mozilla,Netscape,"5.0 (Macintosh; Intel Mac OS X 10_13_6) AppleWebKit/605.1.15 (KHTML, like Gecko) Version/13.1.2 Safari/605.1.15",Con_Nat,congruent,0,B,03-10-22,03-10-22,08:38:15,0,0,0,0,0,791,3.6.1,goose,241,,928,800,1280,24,800,24,0,0,1280,short,MacIntel,GOOSE,268874,268958,268910
Mozilla,Netscape,"5.0 (Macintosh; Intel Mac OS X 10_13_6) AppleWebKit/605.1.15 (KHTML, like Gecko) Version/13.1.2 Safari/605.1.15",Con_Nat,congruent,0,B,03-10-22,03-10-22,08:38:15,0,0,0,0,0,791,3.6.1,deer,241,,756,800,1280,24,800,24,0,0,1280,short,MacIntel,DEER,270495,270598,270545
Mozilla,Netscape,"5.0 (Macintosh; Intel Mac OS X 10_13_6) AppleWebKit/605.1.15 (KHTML, like Gecko) Version/13.1.2 Safari/605.1.15",Inc_Synth_Nat,incongruent,0,B,03-10-22,03-10-22,08:38:15,0,0,0,0,0,791,3.6.1,torch,241,,895,800,1280,24,800,24,0,0,1280,short,MacIntel,CHIMP,271966,272049,272014
Mozilla,Netscape,"5.0 (Macintosh; Intel Mac OS X 10_13_6) AppleWebKit/605.1.15 (KHTML, like Gecko) Version/13.1.2 Safari/605.1.15",Inc_Nat_Synth,incongruent,0,B,03-10-22,03-10-22,08:38:15,0,0,0,0,0,791,3.6.1,crow,241,,1011,800,1280,24,800,24,0,0,1280,short,MacIntel,YACHT,273553,273652,273603
Mozilla,Netscape,"5.0 (Macintosh; Intel Mac OS X 10_13_6) AppleWebKit/605.1.15 (KHTML, like Gecko) Version/13.1.2 Safari/605.1.15",Con_Synth,congruent,0,B,03-10-22,03-10-22,08:38:15,0,0,0,0,0,791,3.6.1,bike,241,,1101,800,1280,24,800,24,0,0,1280,short,MacIntel,BIKE,275273,275372,275324
Mozilla,Netscape,"5.0 (Macintosh; Intel Mac OS X 10_13_6) AppleWebKit/605.1.15 (KHTML, like Gecko) Version/13.1.2 Safari/605.1.15",Inc_Synth_Nat,incongruent,0,B,03-10-22,03-10-22,08:38:15,0,0,0,0,0,791,3.6.1,ruler,241,,1288,800,1280,24,800,24,0,0,1280,short,MacIntel,PANSY,277077,277177,277127
Mozilla,Netscape,"5.0 (Macintosh; Intel Mac OS X 10_13_6) AppleWebKit/605.1.15 (KHTML, like Gecko) Version/13.1.2 Safari/605.1.15",Con_Nat,congruent,0,B,03-10-22,03-10-22,08:38:15,0,0,0,0,0,791,3.6.1,grass,241,,795,800,1280,24,800,24,0,0,1280,short,MacIntel,GRASS,279097,279196,279147
Mozilla,Netscape,"5.0 (Macintosh; Intel Mac OS X 10_13_6) AppleWebKit/605.1.15 (KHTML, like Gecko) Version/13.1.2 Safari/605.1.15",Nat_Nat_Synth,incongruent,1,B,03-10-22,03-10-22,08:38:15,0,0,0,0,0,791,3.6.1,finch,241,,1188,800,1280,24,800,24,0,0,1280,short,MacIntel,SLOTH,280586,280683,280634
Mozilla,Netscape,"5.0 (Macintosh; Intel Mac OS X 10_15_5) AppleWebKit/605.1.15 (KHTML, like Gecko) Version/13.1.1 Safari/605.1.15",practice,practice,1,None,03-10-22,03-10-22,07:23:13,0,0,0,0,0,786,3.6.1,iweonf,241,,1402,793,1440,24,900,24,0,23,1440,practice,MacIntel,BOAT,66583,66680,66631
Mozilla,Netscape,"5.0 (Macintosh; Intel Mac OS X 10_15_5) AppleWebKit/605.1.15 (KHTML, like Gecko) Version/13.1.1 Safari/605.1.15",practice,practice,1,None,03-10-22,03-10-22,07:23:13,0,0,0,0,0,786,3.6.1,snjghf,241,,1278,793,1440,24,900,24,0,23,1440,practice,MacIntel,SHEEP,68713,68813,68764
Mozilla,Netscape,"5.0 (Macintosh; Intel Mac OS X 10_15_5) AppleWebKit/605.1.15 (KHTML, like Gecko) Version/13.1.1 Safari/605.1.15",practice,practice,1,None,03-10-22,03-10-22,07:23:13,0,0,0,0,0,786,3.6.1,nvoiuh,241,,907,793,1440,24,900,24,0,23,1440,practice,MacIntel,HOUSE,70732,70832,70782
Mozilla,Netscape,"5.0 (Macintosh; Intel Mac OS X 10_15_5) AppleWebKit/605.1.15 (KHTML, like Gecko) Version/13.1.1 Safari/605.1.15",practice,practice,1,None,03-10-22,03-10-22,07:23:13,0,0,0,0,0,786,3.6.1,abjdhjs,241,,1033,793,1440,24,900,24,0,23,1440,practice,MacIntel,HORSE,72366,72465,72416
Mozilla,Netscape,"5.0 (Macintosh; Intel Mac OS X 10_15_5) AppleWebKit/605.1.15 (KHTML, like Gecko) Version/13.1.1 Safari/605.1.15",Inc_Synth_Nat,incongruent,1,B,03-10-22,03-10-22,07:23:13,0,0,0,0,0,786,3.6.1,mall,241,,1272,793,1440,24,900,24,0,23,1440,long,MacIntel,BUSH,72366,80874,80826
Mozilla,Netscape,"5.0 (Macintosh; Intel Mac OS X 10_15_5) AppleWebKit/605.1.15 (KHTML, like Gecko) Version/13.1.1 Safari/605.1.15",Con_Synth,congruent,0,B,03-10-22,03-10-22,07:23:13,0,0,0,0,0,786,3.6.1,ferry,241,,1376,793,1440,24,900,24,0,23,1440,long,MacIntel,FERRY,72366,82907,82860
Mozilla,Netscape,"5.0 (Macintosh; Intel Mac OS X 10_15_5) AppleWebKit/605.1.15 (KHTML, like Gecko) Version/13.1.1 Safari/605.1.15",Inc_Nat_Synth,incongruent,1,B,03-10-22,03-10-22,07:23:13,0,0,0,0,0,786,3.6.1,eagle,241,,1645,793,1440,24,900,24,0,23,1440,long,MacIntel,WAGON,72366,85040,84992
Mozilla,Netscape,"5.0 (Macintosh; Intel Mac OS X 10_15_5) AppleWebKit/605.1.15 (KHTML, like Gecko) Version/13.1.1 Safari/605.1.15",Con_Nat,congruent,1,B,03-10-22,03-10-22,07:23:13,0,0,0,0,0,786,3.6.1,hare,241,,1247,793,1440,24,900,24,0,23,1440,long,MacIntel,HARE,72366,87442,87394
Mozilla,Netscape,"5.0 (Macintosh; Intel Mac OS X 10_15_5) AppleWebKit/605.1.15 (KHTML, like Gecko) Version/13.1.1 Safari/605.1.15",Inc_Nat_Nat,incongruent,0,B,03-10-22,03-10-22,07:23:13,0,0,0,0,0,786,3.6.1,lemon,241,,953,793,1440,24,900,24,0,23,1440,long,MacIntel,DUCK,72366,89459,89411
Mozilla,Netscape,"5.0 (Macintosh; Intel Mac OS X 10_15_5) AppleWebKit/605.1.15 (KHTML, like Gecko) Version/13.1.1 Safari/605.1.15",Con_Nat,congruent,1,B,03-10-22,03-10-22,07:23:13,0,0,0,0,0,786,3.6.1,plum,241,,1053,793,1440,24,900,24,0,23,1440,long,MacIntel,PLUM,72366,91179,91131
Mozilla,Netscape,"5.0 (Macintosh; Intel Mac OS X 10_15_5) AppleWebKit/605.1.15 (KHTML, like Gecko) Version/13.1.1 Safari/605.1.15",Inc_Nat_Nat,incongruent,0,B,03-10-22,03-10-22,07:23:13,0,0,0,0,0,786,3.6.1,sheep,241,,846,793,1440,24,900,24,0,23,1440,long,MacIntel,BULL,72366,92996,92947
Mozilla,Netscape,"5.0 (Macintosh; Intel Mac OS X 10_15_5) AppleWebKit/605.1.15 (KHTML, like Gecko) Version/13.1.1 Safari/605.1.15",Inc_Synth_Synth,incongruent,0,B,03-10-22,03-10-22,07:23:13,0,0,0,0,0,786,3.6.1,desk,241,,1197,793,1440,24,900,24,0,23,1440,long,MacIntel,CANDY,72366,94612,94564
Mozilla,Netscape,"5.0 (Macintosh; Intel Mac OS X 10_15_5) AppleWebKit/605.1.15 (KHTML, like Gecko) Version/13.1.1 Safari/605.1.15",Con_Synth,congruent,1,B,03-10-22,03-10-22,07:23:13,0,0,0,0,0,786,3.6.1,arrow,241,,1284,793,1440,24,900,24,0,23,1440,long,MacIntel,ARROW,72366,96566,96519
Mozilla,Netscape,"5.0 (Macintosh; Intel Mac OS X 10_15_5) AppleWebKit/605.1.15 (KHTML, like Gecko) Version/13.1.1 Safari/605.1.15",Con_Synth,congruent,1,B,03-10-22,03-10-22,07:23:13,0,0,0,0,0,786,3.6.1,tongs,241,,1215,793,1440,24,900,24,0,23,1440,long,MacIntel,TONGS,72366,98616,98569
Mozilla,Netscape,"5.0 (Macintosh; Intel Mac OS X 10_15_5) AppleWebKit/605.1.15 (KHTML, like Gecko) Version/13.1.1 Safari/605.1.15",Inc_Nat_Nat,incongruent,0,B,03-10-22,03-10-22,07:23:13,0,0,0,0,0,786,3.6.1,shark,241,,983,793,1440,24,900,24,0,23,1440,long,MacIntel,HILL,72366,100604,100556
Mozilla,Netscape,"5.0 (Macintosh; Intel Mac OS X 10_15_5) AppleWebKit/605.1.15 (KHTML, like Gecko) Version/13.1.1 Safari/605.1.15",Inc_Synth_Nat,incongruent,1,B,03-10-22,03-10-22,07:23:13,0,0,0,0,0,786,3.6.1,fort,241,,897,793,1440,24,900,24,0,23,1440,long,MacIntel,GOAT,72366,102354,102305
Mozilla,Netscape,"5.0 (Macintosh; Intel Mac OS X 10_15_5) AppleWebKit/605.1.15 (KHTML, like Gecko) Version/13.1.1 Safari/605.1.15",Inc_Synth_Synth,incongruent,0,B,03-10-22,03-10-22,07:23:13,0,0,0,0,0,786,3.6.1,deck,241,,1006,793,1440,24,900,24,0,23,1440,long,MacIntel,PLATE,72366,104020,103972
Mozilla,Netscape,"5.0 (Macintosh; Intel Mac OS X 10_15_5) AppleWebKit/605.1.15 (KHTML, like Gecko) Version/13.1.1 Safari/605.1.15",Con_Nat,congruent,1,B,03-10-22,03-10-22,07:23:13,0,0,0,0,0,786,3.6.1,swan,241,,901,793,1440,24,900,24,0,23,1440,long,MacIntel,SWAN,72366,105776,105726
Mozilla,Netscape,"5.0 (Macintosh; Intel Mac OS X 10_15_5) AppleWebKit/605.1.15 (KHTML, like Gecko) Version/13.1.1 Safari/605.1.15",Con_Synth,congruent,1,B,03-10-22,03-10-22,07:23:13,0,0,0,0,0,786,3.6.1,flute,241,,1041,793,1440,24,900,24,0,23,1440,long,MacIntel,FLUTE,72366,107443,107395
Mozilla,Netscape,"5.0 (Macintosh; Intel Mac OS X 10_15_5) AppleWebKit/605.1.15 (KHTML, like Gecko) Version/13.1.1 Safari/605.1.15",Con_Synth,congruent,1,B,03-10-22,03-10-22,07:23:13,0,0,0,0,0,786,3.6.1,broom,241,,1017,793,1440,24,900,24,0,23,1440,long,MacIntel,BROOM,72366,109243,109195
Mozilla,Netscape,"5.0 (Macintosh; Intel Mac OS X 10_15_5) AppleWebKit/605.1.15 (KHTML, like Gecko) Version/13.1.1 Safari/605.1.15",Inc_Synth_Synth,incongruent,1,B,03-10-22,03-10-22,07:23:13,0,0,0,0,0,786,3.6.1,cake,241,,1271,793,1440,24,900,24,0,23,1440,long,MacIntel,TRASH,72366,111030,110983
Mozilla,Netscape,"5.0 (Macintosh; Intel Mac OS X 10_15_5) AppleWebKit/605.1.15 (KHTML, like Gecko) Version/13.1.1 Safari/605.1.15",Inc_Nat_Synth,incongruent,1,B,03-10-22,03-10-22,07:23:13,0,0,0,0,0,786,3.6.1,moose,241,,1741,793,1440,24,900,24,0,23,1440,long,MacIntel,PORCH,72366,113064,113016
Mozilla,Netscape,"5.0 (Macintosh; Intel Mac OS X 10_15_5) AppleWebKit/605.1.15 (KHTML, like Gecko) Version/13.1.1 Safari/605.1.15",Inc_Synth_Synth,incongruent,0,B,03-10-22,03-10-22,07:23:13,0,0,0,0,0,786,3.6.1,bell,241,,1217,793,1440,24,900,24,0,23,1440,long,MacIntel,WHEEL,72366,115567,115519
Mozilla,Netscape,"5.0 (Macintosh; Intel Mac OS X 10_15_5) AppleWebKit/605.1.15 (KHTML, like Gecko) Version/13.1.1 Safari/605.1.15",Inc_Nat_Nat,incongruent,0,B,03-10-22,03-10-22,07:23:13,0,0,0,0,0,786,3.6.1,shell,241,,1402,793,1440,24,900,24,0,23,1440,long,MacIntel,DIRT,72366,117549,117501
Mozilla,Netscape,"5.0 (Macintosh; Intel Mac OS X 10_15_5) AppleWebKit/605.1.15 (KHTML, like Gecko) Version/13.1.1 Safari/605.1.15",Inc_Synth_Synth,incongruent,0,B,03-10-22,03-10-22,07:23:13,0,0,0,0,0,786,3.6.1,wire,241,,1143,793,1440,24,900,24,0,23,1440,long,MacIntel,CABIN,72366,119717,119669
Mozilla,Netscape,"5.0 (Macintosh; Intel Mac OS X 10_15_5) AppleWebKit/605.1.15 (KHTML, like Gecko) Version/13.1.1 Safari/605.1.15",Inc_Synth_Nat,incongruent,1,B,03-10-22,03-10-22,07:23:13,0,0,0,0,0,786,3.6.1,bowl,241,,809,793,1440,24,900,24,0,23,1440,long,MacIntel,WOLF,72366,121638,121590
Mozilla,Netscape,"5.0 (Macintosh; Intel Mac OS X 10_15_5) AppleWebKit/605.1.15 (KHTML, like Gecko) Version/13.1.1 Safari/605.1.15",Inc_Nat_Synth,incongruent,1,B,03-10-22,03-10-22,07:23:13,0,0,0,0,0,786,3.6.1,olive,241,,751,793,1440,24,900,24,0,23,1440,long,MacIntel,MOTOR,72366,123205,123156
Mozilla,Netscape,"5.0 (Macintosh; Intel Mac OS X 10_15_5) AppleWebKit/605.1.15 (KHTML, like Gecko) Version/13.1.1 Safari/605.1.15",Con_Nat,congruent,0,B,03-10-22,03-10-22,07:23:13,0,0,0,0,0,786,3.6.1,slug,241,,1994,793,1440,24,900,24,0,23,1440,long,MacIntel,SLUG,72366,124721,124673
Mozilla,Netscape,"5.0 (Macintosh; Intel Mac OS X 10_15_5) AppleWebKit/605.1.15 (KHTML, like Gecko) Version/13.1.1 Safari/605.1.15",Con_Synth,congruent,1,B,03-10-22,03-10-22,07:23:13,0,0,0,0,0,786,3.6.1,jeans,241,,1536,793,1440,24,900,24,0,23,1440,long,MacIntel,JEANS,72366,127476,127427
Mozilla,Netscape,"5.0 (Macintosh; Intel Mac OS X 10_15_5) AppleWebKit/605.1.15 (KHTML, like Gecko) Version/13.1.1 Safari/605.1.15",Inc_Synth_Synth,incongruent,0,B,03-10-22,03-10-22,07:23:13,0,0,0,0,0,786,3.6.1,roof,241,,1218,793,1440,24,900,24,0,23,1440,long,MacIntel,PIANO,72366,129775,129726
Mozilla,Netscape,"5.0 (Macintosh; Intel Mac OS X 10_15_5) AppleWebKit/605.1.15 (KHTML, like Gecko) Version/13.1.1 Safari/605.1.15",Inc_Nat_Synth,incongruent,1,B,03-10-22,03-10-22,07:23:13,0,0,0,0,0,786,3.6.1,flood,241,,1005,793,1440,24,900,24,0,23,1440,long,MacIntel,SKIRT,72366,131763,131713
Mozilla,Netscape,"5.0 (Macintosh; Intel Mac OS X 10_15_5) AppleWebKit/605.1.15 (KHTML, like Gecko) Version/13.1.1 Safari/605.1.15",Con_Nat,congruent,1,B,03-10-22,03-10-22,07:23:13,0,0,0,0,0,786,3.6.1,stone,241,,904,793,1440,24,900,24,0,23,1440,long,MacIntel,STONE,72366,133530,133481
Mozilla,Netscape,"5.0 (Macintosh; Intel Mac OS X 10_15_5) AppleWebKit/605.1.15 (KHTML, like Gecko) Version/13.1.1 Safari/605.1.15",Con_Synth,congruent,0,B,03-10-22,03-10-22,07:23:13,0,0,0,0,0,786,3.6.1,crate,241,,886,793,1440,24,900,24,0,23,1440,long,MacIntel,CRATE,72366,135196,135148
Mozilla,Netscape,"5.0 (Macintosh; Intel Mac OS X 10_15_5) AppleWebKit/605.1.15 (KHTML, like Gecko) Version/13.1.1 Safari/605.1.15",Con_Nat,congruent,1,B,03-10-22,03-10-22,07:23:13,0,0,0,0,0,786,3.6.1,clam,241,,1006,793,1440,24,900,24,0,23,1440,long,MacIntel,CLAM,72366,136851,136803
Mozilla,Netscape,"5.0 (Macintosh; Intel Mac OS X 10_15_5) AppleWebKit/605.1.15 (KHTML, like Gecko) Version/13.1.1 Safari/605.1.15",Inc_Synth_Nat,incongruent,1,B,03-10-22,03-10-22,07:23:13,0,0,0,0,0,786,3.6.1,pipe,241,,889,793,1440,24,900,24,0,23,1440,long,MacIntel,LION,72366,138618,138570
Mozilla,Netscape,"5.0 (Macintosh; Intel Mac OS X 10_15_5) AppleWebKit/605.1.15 (KHTML, like Gecko) Version/13.1.1 Safari/605.1.15",Inc_Synth_Nat,incongruent,1,B,03-10-22,03-10-22,07:23:13,0,0,0,0,0,786,3.6.1,barn,241,,1222,793,1440,24,900,24,0,23,1440,long,MacIntel,TUNA,72366,140268,140220
Mozilla,Netscape,"5.0 (Macintosh; Intel Mac OS X 10_15_5) AppleWebKit/605.1.15 (KHTML, like Gecko) Version/13.1.1 Safari/605.1.15",Inc_Nat_Synth,incongruent,1,B,03-10-22,03-10-22,07:23:13,0,0,0,0,0,786,3.6.1,wheat,241,,1328,793,1440,24,900,24,0,23,1440,long,MacIntel,BRICK,72366,142253,142205
Mozilla,Netscape,"5.0 (Macintosh; Intel Mac OS X 10_15_5) AppleWebKit/605.1.15 (KHTML, like Gecko) Version/13.1.1 Safari/605.1.15",Inc_Synth_Synth,incongruent,0,B,03-10-22,03-10-22,07:23:13,0,0,0,0,0,786,3.6.1,taxi,241,,1289,793,1440,24,900,24,0,23,1440,long,MacIntel,CHAIN,72366,144353,144305
Mozilla,Netscape,"5.0 (Macintosh; Intel Mac OS X 10_15_5) AppleWebKit/605.1.15 (KHTML, like Gecko) Version/13.1.1 Safari/605.1.15",Con_Nat,congruent,1,B,03-10-22,03-10-22,07:23:13,0,0,0,0,0,786,3.6.1,reef,241,,1093,793,1440,24,900,24,0,23,1440,long,MacIntel,REEF,72366,146407,146359
Mozilla,Netscape,"5.0 (Macintosh; Intel Mac OS X 10_15_5) AppleWebKit/605.1.15 (KHTML, like Gecko) Version/13.1.1 Safari/605.1.15",Con_Synth,congruent,1,B,03-10-22,03-10-22,07:23:13,0,0,0,0,0,786,3.6.1,scarf,241,,1129,793,1440,24,900,24,0,23,1440,long,MacIntel,SCARF,72366,148257,148209
Mozilla,Netscape,"5.0 (Macintosh; Intel Mac OS X 10_15_5) AppleWebKit/605.1.15 (KHTML, like Gecko) Version/13.1.1 Safari/605.1.15",Con_Nat,congruent,1,B,03-10-22,03-10-22,07:23:13,0,0,0,0,0,786,3.6.1,stick,241,,1584,793,1440,24,900,24,0,23,1440,long,MacIntel,STICK,72366,150157,150109
Mozilla,Netscape,"5.0 (Macintosh; Intel Mac OS X 10_15_5) AppleWebKit/605.1.15 (KHTML, like Gecko) Version/13.1.1 Safari/605.1.15",Inc_Synth_Synth,incongruent,0,B,03-10-22,03-10-22,07:23:13,0,0,0,0,0,786,3.6.1,shoe,241,,1208,793,1440,24,900,24,0,23,1440,long,MacIntel,COUCH,72366,152512,152464
Mozilla,Netscape,"5.0 (Macintosh; Intel Mac OS X 10_15_5) AppleWebKit/605.1.15 (KHTML, like Gecko) Version/13.1.1 Safari/605.1.15",Con_Synth,congruent,1,B,03-10-22,03-10-22,07:23:13,0,0,0,0,0,786,3.6.1,stove,241,,980,793,1440,24,900,24,0,23,1440,long,MacIntel,STOVE,72366,154479,154430
Mozilla,Netscape,"5.0 (Macintosh; Intel Mac OS X 10_15_5) AppleWebKit/605.1.15 (KHTML, like Gecko) Version/13.1.1 Safari/605.1.15",Con_Nat,congruent,1,B,03-10-22,03-10-22,07:23:13,0,0,0,0,0,786,3.6.1,crab,241,,1029,793,1440,24,900,24,0,23,1440,long,MacIntel,CRAB,72366,156216,156168
Mozilla,Netscape,"5.0 (Macintosh; Intel Mac OS X 10_15_5) AppleWebKit/605.1.15 (KHTML, like Gecko) Version/13.1.1 Safari/605.1.15",Inc_Synth_Nat,incongruent,1,B,03-10-22,03-10-22,07:23:13,0,0,0,0,0,786,3.6.1,sink,241,,1104,793,1440,24,900,24,0,23,1440,long,MacIntel,LAMB,72366,158016,157968
Mozilla,Netscape,"5.0 (Macintosh; Intel Mac OS X 10_15_5) AppleWebKit/605.1.15 (KHTML, like Gecko) Version/13.1.1 Safari/605.1.15",Con_Synth,congruent,1,B,03-10-22,03-10-22,07:23:13,0,0,0,0,0,786,3.6.1,canoe,241,,950,793,1440,24,900,24,0,23,1440,long,MacIntel,CANOE,72366,159883,159834
Mozilla,Netscape,"5.0 (Macintosh; Intel Mac OS X 10_15_5) AppleWebKit/605.1.15 (KHTML, like Gecko) Version/13.1.1 Safari/605.1.15",Con_Nat,congruent,1,B,03-10-22,03-10-22,07:23:13,0,0,0,0,0,786,3.6.1,boar,241,,1290,793,1440,24,900,24,0,23,1440,long,MacIntel,BOAR,72366,161604,161556
Mozilla,Netscape,"5.0 (Macintosh; Intel Mac OS X 10_15_5) AppleWebKit/605.1.15 (KHTML, like Gecko) Version/13.1.1 Safari/605.1.15",Con_Nat,congruent,1,B,03-10-22,03-10-22,07:23:13,0,0,0,0,0,786,3.6.1,moss,241,,1342,793,1440,24,900,24,0,23,1440,long,MacIntel,MOSS,72366,163654,163608
Mozilla,Netscape,"5.0 (Macintosh; Intel Mac OS X 10_15_5) AppleWebKit/605.1.15 (KHTML, like Gecko) Version/13.1.1 Safari/605.1.15",Con_Synth,congruent,1,B,03-10-22,03-10-22,07:23:13,0,0,0,0,0,786,3.6.1,apron,241,,1086,793,1440,24,900,24,0,23,1440,long,MacIntel,APRON,72366,165758,165708
Mozilla,Netscape,"5.0 (Macintosh; Intel Mac OS X 10_15_5) AppleWebKit/605.1.15 (KHTML, like Gecko) Version/13.1.1 Safari/605.1.15",Con_Nat,congruent,1,B,03-10-22,03-10-22,07:23:13,0,0,0,0,0,786,3.6.1,earth,241,,841,793,1440,24,900,24,0,23,1440,long,MacIntel,EARTH,72366,167608,167560
Mozilla,Netscape,"5.0 (Macintosh; Intel Mac OS X 10_15_5) AppleWebKit/605.1.15 (KHTML, like Gecko) Version/13.1.1 Safari/605.1.15",Inc_Nat_Nat,incongruent,0,B,03-10-22,03-10-22,07:23:13,0,0,0,0,0,786,3.6.1,fruit,241,,1510,793,1440,24,900,24,0,23,1440,long,MacIntel,BEAR,72366,169208,169159
Mozilla,Netscape,"5.0 (Macintosh; Intel Mac OS X 10_15_5) AppleWebKit/605.1.15 (KHTML, like Gecko) Version/13.1.1 Safari/605.1.15",Inc_Nat_Nat,incongruent,0,B,03-10-22,03-10-22,07:23:13,0,0,0,0,0,786,3.6.1,ocean,241,,830,793,1440,24,900,24,0,23,1440,long,MacIntel,TREE,72366,171479,171430
Mozilla,Netscape,"5.0 (Macintosh; Intel Mac OS X 10_15_5) AppleWebKit/605.1.15 (KHTML, like Gecko) Version/13.1.1 Safari/605.1.15",Inc_Nat_Nat,incongruent,0,B,03-10-22,03-10-22,07:23:13,0,0,0,0,0,786,3.6.1,bunny,241,,690,793,1440,24,900,24,0,23,1440,long,MacIntel,ROSE,72366,173078,173030
Mozilla,Netscape,"5.0 (Macintosh; Intel Mac OS X 10_15_5) AppleWebKit/605.1.15 (KHTML, like Gecko) Version/13.1.1 Safari/605.1.15",Con_Synth,congruent,1,B,03-10-22,03-10-22,07:23:13,0,0,0,0,0,786,3.6.1,linen,241,,792,793,1440,24,900,24,0,23,1440,long,MacIntel,LINEN,72366,174529,174480
Mozilla,Netscape,"5.0 (Macintosh; Intel Mac OS X 10_15_5) AppleWebKit/605.1.15 (KHTML, like Gecko) Version/13.1.1 Safari/605.1.15",Con_Synth,congruent,1,B,03-10-22,03-10-22,07:23:13,0,0,0,0,0,786,3.6.1,canon,241,,1204,793,1440,24,900,24,0,23,1440,long,MacIntel,CANON,72366,176083,176035
Mozilla,Netscape,"5.0 (Macintosh; Intel Mac OS X 10_15_5) AppleWebKit/605.1.15 (KHTML, like Gecko) Version/13.1.1 Safari/605.1.15",Con_Synth,congruent,1,B,03-10-22,03-10-22,07:23:13,0,0,0,0,0,786,3.6.1,flask,241,,999,793,1440,24,900,24,0,23,1440,long,MacIntel,FLASK,72366,178049,178002
Mozilla,Netscape,"5.0 (Macintosh; Intel Mac OS X 10_15_5) AppleWebKit/605.1.15 (KHTML, like Gecko) Version/13.1.1 Safari/605.1.15",Inc_Nat_Nat,incongruent,0,B,03-10-22,03-10-22,07:23:13,0,0,0,0,0,786,3.6.1,storm,241,,971,793,1440,24,900,24,0,23,1440,long,MacIntel,LAND,72366,179816,179769
Mozilla,Netscape,"5.0 (Macintosh; Intel Mac OS X 10_15_5) AppleWebKit/605.1.15 (KHTML, like Gecko) Version/13.1.1 Safari/605.1.15",Con_Synth,congruent,1,B,03-10-22,03-10-22,07:23:13,0,0,0,0,0,786,3.6.1,stair,241,,1566,793,1440,24,900,24,0,23,1440,long,MacIntel,STAIR,72366,181554,181505
Mozilla,Netscape,"5.0 (Macintosh; Intel Mac OS X 10_15_5) AppleWebKit/605.1.15 (KHTML, like Gecko) Version/13.1.1 Safari/605.1.15",Con_Nat,congruent,1,B,03-10-22,03-10-22,07:23:13,0,0,0,0,0,786,3.6.1,pear,241,,730,793,1440,24,900,24,0,23,1440,long,MacIntel,PEAR,72366,183887,183839
Mozilla,Netscape,"5.0 (Macintosh; Intel Mac OS X 10_15_5) AppleWebKit/605.1.15 (KHTML, like Gecko) Version/13.1.1 Safari/605.1.15",Inc_Nat_Synth,incongruent,1,B,03-10-22,03-10-22,07:23:13,0,0,0,0,0,786,3.6.1,cloud,241,,1270,793,1440,24,900,24,0,23,1440,long,MacIntel,MOTEL,72366,185391,185342
Mozilla,Netscape,"5.0 (Macintosh; Intel Mac OS X 10_15_5) AppleWebKit/605.1.15 (KHTML, like Gecko) Version/13.1.1 Safari/605.1.15",Inc_Nat_Synth,incongruent,1,B,03-10-22,03-10-22,07:23:13,0,0,0,0,0,786,3.6.1,swamp,241,,991,793,1440,24,900,24,0,23,1440,long,MacIntel,DRILL,72366,187424,187376
Mozilla,Netscape,"5.0 (Macintosh; Intel Mac OS X 10_15_5) AppleWebKit/605.1.15 (KHTML, like Gecko) Version/13.1.1 Safari/605.1.15",Con_Nat,congruent,1,B,03-10-22,03-10-22,07:23:13,0,0,0,0,0,786,3.6.1,wasp,241,,809,793,1440,24,900,24,0,23,1440,long,MacIntel,WASP,72366,189174,189126
Mozilla,Netscape,"5.0 (Macintosh; Intel Mac OS X 10_15_5) AppleWebKit/605.1.15 (KHTML, like Gecko) Version/13.1.1 Safari/605.1.15",Inc_Synth_Nat,incongruent,1,B,03-10-22,03-10-22,07:23:13,0,0,0,0,0,786,3.6.1,soap,241,,740,793,1440,24,900,24,0,23,1440,long,MacIntel,PONY,72366,190728,190680
Mozilla,Netscape,"5.0 (Macintosh; Intel Mac OS X 10_15_5) AppleWebKit/605.1.15 (KHTML, like Gecko) Version/13.1.1 Safari/605.1.15",Con_Nat,congruent,1,B,03-10-22,03-10-22,07:23:13,0,0,0,0,0,786,3.6.1,peas,241,,781,793,1440,24,900,24,0,23,1440,long,MacIntel,PEAS,72366,192228,192180
Mozilla,Netscape,"5.0 (Macintosh; Intel Mac OS X 10_15_5) AppleWebKit/605.1.15 (KHTML, like Gecko) Version/13.1.1 Safari/605.1.15",Con_Nat,congruent,1,B,03-10-22,03-10-22,07:23:13,0,0,0,0,0,786,3.6.1,creek,241,,711,793,1440,24,900,24,0,23,1440,short,MacIntel,CREEK,229740,229840,229790
Mozilla,Netscape,"5.0 (Macintosh; Intel Mac OS X 10_15_5) AppleWebKit/605.1.15 (KHTML, like Gecko) Version/13.1.1 Safari/605.1.15",Inc_Nat_Nat,incongruent,0,B,03-10-22,03-10-22,07:23:13,0,0,0,0,0,786,3.6.1,cobra,241,,888,793,1440,24,900,24,0,23,1440,short,MacIntel,TWIG,231179,231277,231227
Mozilla,Netscape,"5.0 (Macintosh; Intel Mac OS X 10_15_5) AppleWebKit/605.1.15 (KHTML, like Gecko) Version/13.1.1 Safari/605.1.15",Con_Synth,congruent,1,B,03-10-22,03-10-22,07:23:13,0,0,0,0,0,786,3.6.1,gate,241,,1044,793,1440,24,900,24,0,23,1440,short,MacIntel,GATE,232797,232894,232844
Mozilla,Netscape,"5.0 (Macintosh; Intel Mac OS X 10_15_5) AppleWebKit/605.1.15 (KHTML, like Gecko) Version/13.1.1 Safari/605.1.15",Con_Nat,congruent,1,B,03-10-22,03-10-22,07:23:13,0,0,0,0,0,786,3.6.1,corn,241,,747,793,1440,24,900,24,0,23,1440,short,MacIntel,CORN,234562,234662,234612
Mozilla,Netscape,"5.0 (Macintosh; Intel Mac OS X 10_15_5) AppleWebKit/605.1.15 (KHTML, like Gecko) Version/13.1.1 Safari/605.1.15",Con_Synth,congruent,1,B,03-10-22,03-10-22,07:23:13,0,0,0,0,0,786,3.6.1,bike,241,,845,793,1440,24,900,24,0,23,1440,short,MacIntel,BIKE,236033,236131,236081
Mozilla,Netscape,"5.0 (Macintosh; Intel Mac OS X 10_15_5) AppleWebKit/605.1.15 (KHTML, like Gecko) Version/13.1.1 Safari/605.1.15",Con_Synth,congruent,0,B,03-10-22,03-10-22,07:23:13,0,0,0,0,0,786,3.6.1,toast,241,,1497,793,1440,24,900,24,0,23,1440,short,MacIntel,TOAST,237599,237698,237647
Mozilla,Netscape,"5.0 (Macintosh; Intel Mac OS X 10_15_5) AppleWebKit/605.1.15 (KHTML, like Gecko) Version/13.1.1 Safari/605.1.15",Inc_Synth_Nat,incongruent,1,B,03-10-22,03-10-22,07:23:13,0,0,0,0,0,786,3.6.1,rail,241,,1325,793,1440,24,900,24,0,23,1440,short,MacIntel,SQUID,239832,239930,239880
Mozilla,Netscape,"5.0 (Macintosh; Intel Mac OS X 10_15_5) AppleWebKit/605.1.15 (KHTML, like Gecko) Version/13.1.1 Safari/605.1.15",Inc_Nat_Nat,incongruent,1,B,03-10-22,03-10-22,07:23:13,0,0,0,0,0,786,3.6.1,lime,241,,1835,793,1440,24,900,24,0,23,1440,short,MacIntel,GULLY,241886,241985,241935
Mozilla,Netscape,"5.0 (Macintosh; Intel Mac OS X 10_15_5) AppleWebKit/605.1.15 (KHTML, like Gecko) Version/13.1.1 Safari/605.1.15",Inc_Synth_Synth,incongruent,0,B,03-10-22,03-10-22,07:23:13,0,0,0,0,0,786,3.6.1,patio,241,,977,793,1440,24,900,24,0,23,1440,short,MacIntel,SPOON,244453,244551,244501
Mozilla,Netscape,"5.0 (Macintosh; Intel Mac OS X 10_15_5) AppleWebKit/605.1.15 (KHTML, like Gecko) Version/13.1.1 Safari/605.1.15",Inc_Synth_Synth,incongruent,0,B,03-10-22,03-10-22,07:23:13,0,0,0,0,0,786,3.6.1,wharf,241,,1037,793,1440,24,900,24,0,23,1440,short,MacIntel,RAZOR,246157,246256,246206
Mozilla,Netscape,"5.0 (Macintosh; Intel Mac OS X 10_15_5) AppleWebKit/605.1.15 (KHTML, like Gecko) Version/13.1.1 Safari/605.1.15",Con_Nat,congruent,1,B,03-10-22,03-10-22,07:23:13,0,0,0,0,0,786,3.6.1,frog,241,,1388,793,1440,24,900,24,0,23,1440,short,MacIntel,FROG,247924,248022,247972
Mozilla,Netscape,"5.0 (Macintosh; Intel Mac OS X 10_15_5) AppleWebKit/605.1.15 (KHTML, like Gecko) Version/13.1.1 Safari/605.1.15",Con_Nat,congruent,1,B,03-10-22,03-10-22,07:23:13,0,0,0,0,0,786,3.6.1,daisy,241,,989,793,1440,24,900,24,0,23,1440,short,MacIntel,DAISY,250040,250139,250089
Mozilla,Netscape,"5.0 (Macintosh; Intel Mac OS X 10_15_5) AppleWebKit/605.1.15 (KHTML, like Gecko) Version/13.1.1 Safari/605.1.15",Inc_Synth_Synth,incongruent,0,B,03-10-22,03-10-22,07:23:13,0,0,0,0,0,786,3.6.1,silo,241,,1925,793,1440,24,900,24,0,23,1440,short,MacIntel,PLAZA,251762,251860,251810
Mozilla,Netscape,"5.0 (Macintosh; Intel Mac OS X 10_15_5) AppleWebKit/605.1.15 (KHTML, like Gecko) Version/13.1.1 Safari/605.1.15",Con_Synth,congruent,1,B,03-10-22,03-10-22,07:23:13,0,0,0,0,0,786,3.6.1,cable,241,,1182,793,1440,24,900,24,0,23,1440,short,MacIntel,CABLE,254412,254510,254460
Mozilla,Netscape,"5.0 (Macintosh; Intel Mac OS X 10_15_5) AppleWebKit/605.1.15 (KHTML, like Gecko) Version/13.1.1 Safari/605.1.15",Con_Synth,congruent,1,B,03-10-22,03-10-22,07:23:13,0,0,0,0,0,786,3.6.1,mail,241,,1030,793,1440,24,900,24,0,23,1440,short,MacIntel,MAIL,256316,256414,256364
Mozilla,Netscape,"5.0 (Macintosh; Intel Mac OS X 10_15_5) AppleWebKit/605.1.15 (KHTML, like Gecko) Version/13.1.1 Safari/605.1.15",Inc_Nat_Synth,incongruent,1,B,03-10-22,03-10-22,07:23:13,0,0,0,0,0,786,3.6.1,crow,241,,1026,793,1440,24,900,24,0,23,1440,short,MacIntel,YACHT,258082,258181,258131
Mozilla,Netscape,"5.0 (Macintosh; Intel Mac OS X 10_15_5) AppleWebKit/605.1.15 (KHTML, like Gecko) Version/13.1.1 Safari/605.1.15",Inc_Nat_Nat,incongruent,0,B,03-10-22,03-10-22,07:23:13,0,0,0,0,0,786,3.6.1,berry,241,,786,793,1440,24,900,24,0,23,1440,short,MacIntel,OTTER,259832,259930,259880
Mozilla,Netscape,"5.0 (Macintosh; Intel Mac OS X 10_15_5) AppleWebKit/605.1.15 (KHTML, like Gecko) Version/13.1.1 Safari/605.1.15",Inc_Synth_Synth,incongruent,0,B,03-10-22,03-10-22,07:23:13,0,0,0,0,0,786,3.6.1,sash,241,,1226,793,1440,24,900,24,0,23,1440,short,MacIntel,CLOTH,261353,261451,261400
Mozilla,Netscape,"5.0 (Macintosh; Intel Mac OS X 10_15_5) AppleWebKit/605.1.15 (KHTML, like Gecko) Version/13.1.1 Safari/605.1.15",Con_Nat,congruent,1,B,03-10-22,03-10-22,07:23:13,0,0,0,0,0,786,3.6.1,grass,241,,1544,793,1440,24,900,24,0,23,1440,short,MacIntel,GRASS,263303,263401,263351
Mozilla,Netscape,"5.0 (Macintosh; Intel Mac OS X 10_15_5) AppleWebKit/605.1.15 (KHTML, like Gecko) Version/13.1.1 Safari/605.1.15",Inc_Synth_Synth,incongruent,0,B,03-10-22,03-10-22,07:23:13,0,0,0,0,0,786,3.6.1,kiosk,241,,870,793,1440,24,900,24,0,23,1440,short,MacIntel,SOFA,265574,265672,265622
Mozilla,Netscape,"5.0 (Macintosh; Intel Mac OS X 10_15_5) AppleWebKit/605.1.15 (KHTML, like Gecko) Version/13.1.1 Safari/605.1.15",Inc_Synth_Nat,incongruent,0,B,03-10-22,03-10-22,07:23:13,0,0,0,0,0,786,3.6.1,rake,241,,1800,793,1440,24,900,24,0,23,1440,short,MacIntel,HUSKY,267173,267271,267222
Mozilla,Netscape,"5.0 (Macintosh; Intel Mac OS X 10_15_5) AppleWebKit/605.1.15 (KHTML, like Gecko) Version/13.1.1 Safari/605.1.15",Con_Synth,congruent,1,B,03-10-22,03-10-22,07:23:13,0,0,0,0,0,786,3.6.1,tower,241,,1464,793,1440,24,900,24,0,23,1440,short,MacIntel,TOWER,269705,269805,269759
Mozilla,Netscape,"5.0 (Macintosh; Intel Mac OS X 10_15_5) AppleWebKit/605.1.15 (KHTML, like Gecko) Version/13.1.1 Safari/605.1.15",Con_Nat,congruent,1,B,03-10-22,03-10-22,07:23:13,0,0,0,0,0,786,3.6.1,cave,241,,826,793,1440,24,900,24,0,23,1440,short,MacIntel,CAVE,271894,271992,271942
Mozilla,Netscape,"5.0 (Macintosh; Intel Mac OS X 10_15_5) AppleWebKit/605.1.15 (KHTML, like Gecko) Version/13.1.1 Safari/605.1.15",Con_Nat,congruent,1,B,03-10-22,03-10-22,07:23:13,0,0,0,0,0,786,3.6.1,deer,241,,1049,793,1440,24,900,24,0,23,1440,short,MacIntel,DEER,273444,273542,273492
Mozilla,Netscape,"5.0 (Macintosh; Intel Mac OS X 10_15_5) AppleWebKit/605.1.15 (KHTML, like Gecko) Version/13.1.1 Safari/605.1.15",Inc_Synth_Nat,incongruent,1,B,03-10-22,03-10-22,07:23:13,0,0,0,0,0,786,3.6.1,sewer,241,,983,793,1440,24,900,24,0,23,1440,short,MacIntel,CORAL,275228,275326,275276
Mozilla,Netscape,"5.0 (Macintosh; Intel Mac OS X 10_15_5) AppleWebKit/605.1.15 (KHTML, like Gecko) Version/13.1.1 Safari/605.1.15",Con_Synth,congruent,1,B,03-10-22,03-10-22,07:23:13,0,0,0,0,0,786,3.6.1,drug,241,,929,793,1440,24,900,24,0,23,1440,short,MacIntel,DRUG,276932,277031,276981
Mozilla,Netscape,"5.0 (Macintosh; Intel Mac OS X 10_15_5) AppleWebKit/605.1.15 (KHTML, like Gecko) Version/13.1.1 Safari/605.1.15",Con_Nat,congruent,1,B,03-10-22,03-10-22,07:23:13,0,0,0,0,0,786,3.6.1,goose,241,,1082,793,1440,24,900,24,0,23,1440,short,MacIntel,GOOSE,278583,278681,278631
Mozilla,Netscape,"5.0 (Macintosh; Intel Mac OS X 10_15_5) AppleWebKit/605.1.15 (KHTML, like Gecko) Version/13.1.1 Safari/605.1.15",Con_Synth,congruent,1,B,03-10-22,03-10-22,07:23:13,0,0,0,0,0,786,3.6.1,bread,241,,1486,793,1440,24,900,24,0,23,1440,short,MacIntel,BREAD,280400,280502,280452
Mozilla,Netscape,"5.0 (Macintosh; Intel Mac OS X 10_15_5) AppleWebKit/605.1.15 (KHTML, like Gecko) Version/13.1.1 Safari/605.1.15",Con_Nat,congruent,0,B,03-10-22,03-10-22,07:23:13,0,0,0,0,0,786,3.6.1,soil,241,,2013,793,1440,24,900,24,0,23,1440,short,MacIntel,SOIL,282621,282719,282669
Mozilla,Netscape,"5.0 (Macintosh; Intel Mac OS X 10_15_5) AppleWebKit/605.1.15 (KHTML, like Gecko) Version/13.1.1 Safari/605.1.15",Con_Synth,congruent,1,B,03-10-22,03-10-22,07:23:13,0,0,0,0,0,786,3.6.1,rope,241,,1264,793,1440,24,900,24,0,23,1440,short,MacIntel,ROPE,285354,285454,285403
Mozilla,Netscape,"5.0 (Macintosh; Intel Mac OS X 10_15_5) AppleWebKit/605.1.15 (KHTML, like Gecko) Version/13.1.1 Safari/605.1.15",Inc_Synth_Nat,incongruent,0,B,03-10-22,03-10-22,07:23:13,0,0,0,0,0,786,3.6.1,ruler,241,,983,793,1440,24,900,24,0,23,1440,short,MacIntel,PANSY,287356,287454,287404
Mozilla,Netscape,"5.0 (Macintosh; Intel Mac OS X 10_15_5) AppleWebKit/605.1.15 (KHTML, like Gecko) Version/13.1.1 Safari/605.1.15",Con_Nat,congruent,1,B,03-10-22,03-10-22,07:23:13,0,0,0,0,0,786,3.6.1,whale,241,,974,793,1440,24,900,24,0,23,1440,short,MacIntel,WHALE,289073,289171,289120
Mozilla,Netscape,"5.0 (Macintosh; Intel Mac OS X 10_15_5) AppleWebKit/605.1.15 (KHTML, like Gecko) Version/13.1.1 Safari/605.1.15",Inc_Nat_Synth,incongruent,1,B,03-10-22,03-10-22,07:23:13,0,0,0,0,0,786,3.6.1,toad,241,,1086,793,1440,24,900,24,0,23,1440,short,MacIntel,GLOVE,290761,290858,290809
Mozilla,Netscape,"5.0 (Macintosh; Intel Mac OS X 10_15_5) AppleWebKit/605.1.15 (KHTML, like Gecko) Version/13.1.1 Safari/605.1.15",Inc_Synth_Nat,incongruent,1,B,03-10-22,03-10-22,07:23:13,0,0,0,0,0,786,3.6.1,torch,241,,1036,793,1440,24,900,24,0,23,1440,short,MacIntel,CHIMP,292576,292674,292624
Mozilla,Netscape,"5.0 (Macintosh; Intel Mac OS X 10_15_5) AppleWebKit/605.1.15 (KHTML, like Gecko) Version/13.1.1 Safari/605.1.15",Con_Nat,congruent,0,B,03-10-22,03-10-22,07:23:13,0,0,0,0,0,786,3.6.1,worm,241,,1174,793,1440,24,900,24,0,23,1440,short,MacIntel,WORM,294343,294441,294391
Mozilla,Netscape,"5.0 (Macintosh; Intel Mac OS X 10_15_5) AppleWebKit/605.1.15 (KHTML, like Gecko) Version/13.1.1 Safari/605.1.15",Inc_Synth_Nat,incongruent,1,B,03-10-22,03-10-22,07:23:13,0,0,0,0,0,786,3.6.1,arena,241,,1138,793,1440,24,900,24,0,23,1440,short,MacIntel,VINE,296247,296345,296295
Mozilla,Netscape,"5.0 (Macintosh; Intel Mac OS X 10_15_5) AppleWebKit/605.1.15 (KHTML, like Gecko) Version/13.1.1 Safari/605.1.15",Con_Synth,congruent,1,B,03-10-22,03-10-22,07:23:13,0,0,0,0,0,786,3.6.1,tank,241,,1026,793,1440,24,900,24,0,23,1440,short,MacIntel,TANK,298114,298212,298162
Mozilla,Netscape,"5.0 (Macintosh; Intel Mac OS X 10_15_5) AppleWebKit/605.1.15 (KHTML, like Gecko) Version/13.1.1 Safari/605.1.15",Con_Synth,congruent,1,B,03-10-22,03-10-22,07:23:13,0,0,0,0,0,786,3.6.1,doll,241,,1227,793,1440,24,900,24,0,23,1440,short,MacIntel,DOLL,299864,299962,299913
Mozilla,Netscape,"5.0 (Macintosh; Intel Mac OS X 10_15_5) AppleWebKit/605.1.15 (KHTML, like Gecko) Version/13.1.1 Safari/605.1.15",Con_Nat,congruent,1,B,03-10-22,03-10-22,07:23:13,0,0,0,0,0,786,3.6.1,seed,241,,887,793,1440,24,900,24,0,23,1440,short,MacIntel,SEED,301818,301916,301866
Mozilla,Netscape,"5.0 (Macintosh; Intel Mac OS X 10_15_5) AppleWebKit/605.1.15 (KHTML, like Gecko) Version/13.1.1 Safari/605.1.15",Con_Synth,congruent,1,B,03-10-22,03-10-22,07:23:13,0,0,0,0,0,786,3.6.1,paint,241,,923,793,1440,24,900,24,0,23,1440,short,MacIntel,PAINT,303435,303533,303483
Mozilla,Netscape,"5.0 (Macintosh; Intel Mac OS X 10_15_5) AppleWebKit/605.1.15 (KHTML, like Gecko) Version/13.1.1 Safari/605.1.15",Con_Synth,congruent,1,B,03-10-22,03-10-22,07:23:13,0,0,0,0,0,786,3.6.1,belt,241,,1227,793,1440,24,900,24,0,23,1440,short,MacIntel,BELT,305085,305183,305133
Mozilla,Netscape,"5.0 (Macintosh; Intel Mac OS X 10_15_5) AppleWebKit/605.1.15 (KHTML, like Gecko) Version/13.1.1 Safari/605.1.15",Inc_Nat_Synth,incongruent,1,B,03-10-22,03-10-22,07:23:13,0,0,0,0,0,786,3.6.1,peach,241,,1644,793,1440,24,900,24,0,23,1440,short,MacIntel,SHED,307039,307137,307087
Mozilla,Netscape,"5.0 (Macintosh; Intel Mac OS X 10_15_5) AppleWebKit/605.1.15 (KHTML, like Gecko) Version/13.1.1 Safari/605.1.15",Inc_Synth_Nat,incongruent,1,B,03-10-22,03-10-22,07:23:13,0,0,0,0,0,786,3.6.1,spear,241,,881,793,1440,24,900,24,0,23,1440,short,MacIntel,MOTH,309405,309504,309453
Mozilla,Netscape,"5.0 (Macintosh; Intel Mac OS X 10_15_5) AppleWebKit/605.1.15 (KHTML, like Gecko) Version/13.1.1 Safari/605.1.15",Inc_Nat_Nat,incongruent,1,B,03-10-22,03-10-22,07:23:13,0,0,0,0,0,786,3.6.1,poppy,241,,1165,793,1440,24,900,24,0,23,1440,short,MacIntel,DINGO,311010,311108,311058
Mozilla,Netscape,"5.0 (Macintosh; Intel Mac OS X 10_15_5) AppleWebKit/605.1.15 (KHTML, like Gecko) Version/13.1.1 Safari/605.1.15",Inc_Nat_Synth,incongruent,1,B,03-10-22,03-10-22,07:23:13,0,0,0,0,0,786,3.6.1,leaf,241,,1290,793,1440,24,900,24,0,23,1440,short,MacIntel,COIN,312910,313008,312958
Mozilla,Netscape,"5.0 (Macintosh; Intel Mac OS X 10_15_5) AppleWebKit/605.1.15 (KHTML, like Gecko) Version/13.1.1 Safari/605.1.15",Con_Synth,congruent,1,B,03-10-22,03-10-22,07:23:13,0,0,0,0,0,786,3.6.1,sword,241,,1069,793,1440,24,900,24,0,23,1440,short,MacIntel,SWORD,314926,315024,314974
Mozilla,Netscape,"5.0 (Macintosh; Intel Mac OS X 10_15_5) AppleWebKit/605.1.15 (KHTML, like Gecko) Version/13.1.1 Safari/605.1.15",Con_Nat,congruent,1,B,03-10-22,03-10-22,07:23:13,0,0,0,0,0,786,3.6.1,puppy,241,,811,793,1440,24,900,24,0,23,1440,short,MacIntel,PUPPY,316729,316829,316779
Mozilla,Netscape,"5.0 (Macintosh; Intel Mac OS X 10_15_5) AppleWebKit/605.1.15 (KHTML, like Gecko) Version/13.1.1 Safari/605.1.15",Inc_Nat_Synth,incongruent,1,B,03-10-22,03-10-22,07:23:13,0,0,0,0,0,786,3.6.1,water,241,,1606,793,1440,24,900,24,0,23,1440,short,MacIntel,MEDAL,318247,318345,318295
Mozilla,Netscape,"5.0 (Macintosh; Intel Mac OS X 10_15_5) AppleWebKit/605.1.15 (KHTML, like Gecko) Version/13.1.1 Safari/605.1.15",Inc_Nat_Synth,incongruent,1,B,03-10-22,03-10-22,07:23:13,0,0,0,0,0,786,3.6.1,melon,241,,1418,793,1440,24,900,24,0,23,1440,short,MacIntel,HOSE,320585,320682,320633
Mozilla,Netscape,"5.0 (Macintosh; Intel Mac OS X 10_15_5) AppleWebKit/605.1.15 (KHTML, like Gecko) Version/13.1.1 Safari/605.1.15",Inc_Nat_Nat,incongruent,0,B,03-10-22,03-10-22,07:23:13,0,0,0,0,0,786,3.6.1,fern,241,,1065,793,1440,24,900,24,0,23,1440,short,MacIntel,PETAL,322732,322833,322783
Mozilla,Netscape,"5.0 (Macintosh; Intel Mac OS X 10_15_5) AppleWebKit/605.1.15 (KHTML, like Gecko) Version/13.1.1 Safari/605.1.15",Inc_Synth_Nat,incongruent,1,B,03-10-22,03-10-22,07:23:13,0,0,0,0,0,786,3.6.1,harp,241,,953,793,1440,24,900,24,0,23,1440,short,MacIntel,SNAIL,324535,324633,324583
Mozilla,Netscape,"5.0 (Macintosh; Intel Mac OS X 10_15_5) AppleWebKit/605.1.15 (KHTML, like Gecko) Version/13.1.1 Safari/605.1.15",Nat_Nat_Synth,incongruent,0,B,03-10-22,03-10-22,07:23:13,0,0,0,0,0,786,3.6.1,finch,241,,869,793,1440,24,900,24,0,23,1440,short,MacIntel,SLOTH,326222,326320,326270
Mozilla,Netscape,"5.0 (Macintosh; Intel Mac OS X 10_15_5) AppleWebKit/605.1.15 (KHTML, like Gecko) Version/13.1.1 Safari/605.1.15",Con_Synth,congruent,1,B,03-10-22,03-10-22,07:23:13,0,0,0,0,0,786,3.6.1,coat,241,,1003,793,1440,24,900,24,0,23,1440,short,MacIntel,COAT,327827,327920,327870
Mozilla,Netscape,"5.0 (Macintosh; Intel Mac OS X 10_15_5) AppleWebKit/605.1.15 (KHTML, like Gecko) Version/13.1.1 Safari/605.1.15",Con_Nat,congruent,1,B,03-10-22,03-10-22,07:23:13,0,0,0,0,0,786,3.6.1,tiger,241,,739,793,1440,24,900,24,0,23,1440,short,MacIntel,TIGER,329555,329654,329604
Mozilla,Netscape,"5.0 (Macintosh; Intel Mac OS X 10_15_5) AppleWebKit/605.1.15 (KHTML, like Gecko) Version/13.1.1 Safari/605.1.15",Inc_Nat_Synth,incongruent,1,B,03-10-22,03-10-22,07:23:13,0,0,0,0,0,786,3.6.1,camel,241,,700,793,1440,24,900,24,0,23,1440,short,MacIntel,BENCH,331027,331125,331075
Mozilla,Netscape,"5.0 (Macintosh; Intel Mac OS X 10_15_5) AppleWebKit/605.1.15 (KHTML, like Gecko) Version/13.1.1 Safari/605.1.15",Inc_Synth_Synth,incongruent,0,B,03-10-22,03-10-22,07:23:13,0,0,0,0,0,786,3.6.1,ladle,241,,1233,793,1440,24,900,24,0,23,1440,short,MacIntel,CAFÉ,332460,332558,332508
Mozilla,Netscape,"5.0 (Macintosh; Intel Mac OS X 10_15_5) AppleWebKit/605.1.15 (KHTML, like Gecko) Version/13.1.1 Safari/605.1.15",Inc_Synth_Synth,incongruent,0,B,03-10-22,03-10-22,07:23:13,0,0,0,0,0,786,3.6.1,spade,241,,929,793,1440,24,900,24,0,23,1440,short,MacIntel,SHELF,334426,334524,334474
Mozilla,Netscape,"5.0 (Macintosh; Intel Mac OS X 10_15_5) AppleWebKit/605.1.15 (KHTML, like Gecko) Version/13.1.1 Safari/605.1.15",Inc_Nat_Synth,incongruent,1,B,03-10-22,03-10-22,07:23:13,0,0,0,0,0,786,3.6.1,mice,241,,768,793,1440,24,900,24,0,23,1440,short,MacIntel,TOOLS,336081,336179,336129
Mozilla,Netscape,"5.0 (Macintosh; Intel Mac OS X 10_15_5) AppleWebKit/605.1.15 (KHTML, like Gecko) Version/13.1.1 Safari/605.1.15",Con_Nat,congruent,1,B,03-10-22,03-10-22,07:23:13,0,0,0,0,0,786,3.6.1,hawk,241,,1392,793,1440,24,900,24,0,23,1440,short,MacIntel,HAWK,337581,337680,337629
Mozilla,Netscape,"5.0 (Macintosh; Intel Mac OS X 10_15_5) AppleWebKit/605.1.15 (KHTML, like Gecko) Version/13.1.1 Safari/605.1.15",Inc_Nat_Nat,incongruent,0,B,03-10-22,03-10-22,07:23:13,0,0,0,0,0,786,3.6.1,grape,241,,819,793,1440,24,900,24,0,23,1440,short,MacIntel,LLAMA,339695,339795,339745
Mozilla,Netscape,"5.0 (Windows NT 10.0; Win64; x64) AppleWebKit/537.36 (KHTML, like Gecko) Chrome/106.0.0.0 Safari/537.36",practice,practice,1,None,02-10-22,02-10-22,23:16:46,0,0,0,0,0,783,3.6.1,snjghf,241,,1731,728,1366,24,768,24,0,0,1366,practice,Win32,SHEEP,493748,493832,493782
Mozilla,Netscape,"5.0 (Windows NT 10.0; Win64; x64) AppleWebKit/537.36 (KHTML, like Gecko) Chrome/106.0.0.0 Safari/537.36",practice,practice,1,None,02-10-22,02-10-22,23:16:46,0,0,0,0,0,783,3.6.1,iweonf,241,,983,728,1366,24,768,24,0,0,1366,practice,Win32,BOAT,496195,496278,496229
Mozilla,Netscape,"5.0 (Windows NT 10.0; Win64; x64) AppleWebKit/537.36 (KHTML, like Gecko) Chrome/106.0.0.0 Safari/537.36",practice,practice,1,None,02-10-22,02-10-22,23:16:46,0,0,0,0,0,783,3.6.1,abjdhjs,241,,732,728,1366,24,768,24,0,0,1366,practice,Win32,HORSE,497876,497959,497910
Mozilla,Netscape,"5.0 (Windows NT 10.0; Win64; x64) AppleWebKit/537.36 (KHTML, like Gecko) Chrome/106.0.0.0 Safari/537.36",practice,practice,1,None,02-10-22,02-10-22,23:16:46,0,0,0,0,0,783,3.6.1,nvoiuh,241,,741,728,1366,24,768,24,0,0,1366,practice,Win32,HOUSE,499307,499374,499341
Mozilla,Netscape,"5.0 (Windows NT 10.0; Win64; x64) AppleWebKit/537.36 (KHTML, like Gecko) Chrome/106.0.0.0 Safari/537.36",Inc_Nat_Synth,incongruent,1,B,02-10-22,02-10-22,23:16:46,0,0,0,0,0,783,3.6.1,flood,241,,692,728,1366,24,768,24,0,0,1366,long,Win32,SKIRT,499307,508995,508961
Mozilla,Netscape,"5.0 (Windows NT 10.0; Win64; x64) AppleWebKit/537.36 (KHTML, like Gecko) Chrome/106.0.0.0 Safari/537.36",Inc_Synth_Nat,incongruent,1,B,02-10-22,02-10-22,23:16:46,0,0,0,0,0,783,3.6.1,barn,241,,707,728,1366,24,768,24,0,0,1366,long,Win32,TUNA,499307,510443,510393
Mozilla,Netscape,"5.0 (Windows NT 10.0; Win64; x64) AppleWebKit/537.36 (KHTML, like Gecko) Chrome/106.0.0.0 Safari/537.36",Con_Synth,congruent,1,B,02-10-22,02-10-22,23:16:46,0,0,0,0,0,783,3.6.1,canoe,241,,761,728,1366,24,768,24,0,0,1366,long,Win32,CANOE,499307,511891,511841
Mozilla,Netscape,"5.0 (Windows NT 10.0; Win64; x64) AppleWebKit/537.36 (KHTML, like Gecko) Chrome/106.0.0.0 Safari/537.36",Con_Nat,congruent,1,B,02-10-22,02-10-22,23:16:46,0,0,0,0,0,783,3.6.1,clam,241,,735,728,1366,24,768,24,0,0,1366,long,Win32,CLAM,499307,513389,513355
Mozilla,Netscape,"5.0 (Windows NT 10.0; Win64; x64) AppleWebKit/537.36 (KHTML, like Gecko) Chrome/106.0.0.0 Safari/537.36",Inc_Nat_Nat,incongruent,1,B,02-10-22,02-10-22,23:16:46,0,0,0,0,0,783,3.6.1,bunny,241,,594,728,1366,24,768,24,0,0,1366,long,Win32,ROSE,499307,514887,514837
Mozilla,Netscape,"5.0 (Windows NT 10.0; Win64; x64) AppleWebKit/537.36 (KHTML, like Gecko) Chrome/106.0.0.0 Safari/537.36",Con_Nat,congruent,1,B,02-10-22,02-10-22,23:16:46,0,0,0,0,0,783,3.6.1,boar,241,,1430,728,1366,24,768,24,0,0,1366,long,Win32,BOAR,499307,516218,516185
Mozilla,Netscape,"5.0 (Windows NT 10.0; Win64; x64) AppleWebKit/537.36 (KHTML, like Gecko) Chrome/106.0.0.0 Safari/537.36",Inc_Nat_Synth,incongruent,1,B,02-10-22,02-10-22,23:16:46,0,0,0,0,0,783,3.6.1,wheat,241,,627,728,1366,24,768,24,0,0,1366,long,Win32,BRICK,499307,518382,518332
Mozilla,Netscape,"5.0 (Windows NT 10.0; Win64; x64) AppleWebKit/537.36 (KHTML, like Gecko) Chrome/106.0.0.0 Safari/537.36",Inc_Nat_Nat,incongruent,0,B,02-10-22,02-10-22,23:16:46,0,0,0,0,0,783,3.6.1,lemon,241,,577,728,1366,24,768,24,0,0,1366,long,Win32,DUCK,499307,519747,519713
Mozilla,Netscape,"5.0 (Windows NT 10.0; Win64; x64) AppleWebKit/537.36 (KHTML, like Gecko) Chrome/106.0.0.0 Safari/537.36",Con_Nat,congruent,1,B,02-10-22,02-10-22,23:16:46,0,0,0,0,0,783,3.6.1,peas,241,,734,728,1366,24,768,24,0,0,1366,long,Win32,PEAS,499307,521062,521028
Mozilla,Netscape,"5.0 (Windows NT 10.0; Win64; x64) AppleWebKit/537.36 (KHTML, like Gecko) Chrome/106.0.0.0 Safari/537.36",Con_Synth,congruent,1,B,02-10-22,02-10-22,23:16:46,0,0,0,0,0,783,3.6.1,flask,241,,711,728,1366,24,768,24,0,0,1366,long,Win32,FLASK,499307,522559,522510
Mozilla,Netscape,"5.0 (Windows NT 10.0; Win64; x64) AppleWebKit/537.36 (KHTML, like Gecko) Chrome/106.0.0.0 Safari/537.36",Con_Nat,congruent,1,B,02-10-22,02-10-22,23:16:46,0,0,0,0,0,783,3.6.1,reef,241,,713,728,1366,24,768,24,0,0,1366,long,Win32,REEF,499307,524008,523958
Mozilla,Netscape,"5.0 (Windows NT 10.0; Win64; x64) AppleWebKit/537.36 (KHTML, like Gecko) Chrome/106.0.0.0 Safari/537.36",Inc_Nat_Nat,incongruent,0,B,02-10-22,02-10-22,23:16:46,0,0,0,0,0,783,3.6.1,fruit,241,,651,728,1366,24,768,24,0,0,1366,long,Win32,BEAR,499307,525456,525422
Mozilla,Netscape,"5.0 (Windows NT 10.0; Win64; x64) AppleWebKit/537.36 (KHTML, like Gecko) Chrome/106.0.0.0 Safari/537.36",Con_Synth,congruent,1,B,02-10-22,02-10-22,23:16:46,0,0,0,0,0,783,3.6.1,canon,241,,668,728,1366,24,768,24,0,0,1366,long,Win32,CANON,499307,526854,526820
