browser_codename,browser_name,browser_version,condition,congruence,correct,date_startdate,date_startdateUTC,date_starttime,experiment_debug,experiment_parameters,experiment_pilot,experiment_taskname,experiment_taskversion,jatosStudyResultId,jatosVersion,prime,queryParams_batchId,queryParams_personalMultipleWorkerId,response_time,screen_availableHeight,screen_availableWidth,screen_colorDepth,screen_height,screen_pixelDepth,screen_screenX,screen_screenY,screen_width,soa_condition,system_os,target,time_mask1,time_mask2,time_prime
Mozilla,Netscape,"5.0 (X11; CrOS aarch64 14989.85.0) AppleWebKit/537.36 (KHTML, like Gecko) Chrome/105.0.0.0 Safari/537.36",practice,practice,1,30-09-22,30-09-22,22:45:52,0,0,0,0,0,757,3.6.1,abjdhjs,233,804,803,816,1536,24,864,24,0,0,1536,practice,Linux aarch64,HORSE,39437,39537,39487
Mozilla,Netscape,"5.0 (X11; CrOS aarch64 14989.85.0) AppleWebKit/537.36 (KHTML, like Gecko) Chrome/105.0.0.0 Safari/537.36",practice,practice,1,30-09-22,30-09-22,22:45:52,0,0,0,0,0,757,3.6.1,nvoiuh,233,804,975,816,1536,24,864,24,0,0,1536,practice,Linux aarch64,HOUSE,40987,41085,41036
Mozilla,Netscape,"5.0 (X11; CrOS aarch64 14989.85.0) AppleWebKit/537.36 (KHTML, like Gecko) Chrome/105.0.0.0 Safari/537.36",practice,practice,1,30-09-22,30-09-22,22:45:52,0,0,0,0,0,757,3.6.1,snjghf,233,804,748,816,1536,24,864,24,0,0,1536,practice,Linux aarch64,SHEEP,42701,42800,42751
Mozilla,Netscape,"5.0 (X11; CrOS aarch64 14989.85.0) AppleWebKit/537.36 (KHTML, like Gecko) Chrome/105.0.0.0 Safari/537.36",practice,practice,1,30-09-22,30-09-22,22:45:52,0,0,0,0,0,757,3.6.1,iweonf,233,804,961,816,1536,24,864,24,0,0,1536,practice,Linux aarch64,BOAT,44183,44283,44233
Mozilla,Netscape,"5.0 (X11; CrOS aarch64 14989.85.0) AppleWebKit/537.36 (KHTML, like Gecko) Chrome/105.0.0.0 Safari/537.36",Con_Nat,congruent,1,30-09-22,30-09-22,22:45:52,0,0,0,0,0,757,3.6.1,seed,233,804,626,816,1536,24,864,24,0,0,1536,short,Linux aarch64,SEED,51312,51410,51360
Mozilla,Netscape,"5.0 (X11; CrOS aarch64 14989.85.0) AppleWebKit/537.36 (KHTML, like Gecko) Chrome/105.0.0.0 Safari/537.36",Con_Nat,congruent,1,30-09-22,30-09-22,22:45:52,0,0,0,0,0,757,3.6.1,deer,233,804,712,816,1536,24,864,24,0,0,1536,short,Linux aarch64,DEER,52676,52775,52725
Mozilla,Netscape,"5.0 (X11; CrOS aarch64 14989.85.0) AppleWebKit/537.36 (KHTML, like Gecko) Chrome/105.0.0.0 Safari/537.36",Inc_Nat_Synth,incongruent,1,30-09-22,30-09-22,22:45:52,0,0,0,0,0,757,3.6.1,finch,233,804,713,816,1536,24,864,24,0,0,1536,short,Linux aarch64,SPOON,54126,54224,54174
Mozilla,Netscape,"5.0 (X11; CrOS aarch64 14989.85.0) AppleWebKit/537.36 (KHTML, like Gecko) Chrome/105.0.0.0 Safari/537.36",Con_Synth,congruent,1,30-09-22,30-09-22,22:45:52,0,0,0,0,0,757,3.6.1,bike,233,804,598,816,1536,24,864,24,0,0,1536,short,Linux aarch64,BIKE,55574,55674,55623
Mozilla,Netscape,"5.0 (X11; CrOS aarch64 14989.85.0) AppleWebKit/537.36 (KHTML, like Gecko) Chrome/105.0.0.0 Safari/537.36",Con_Nat,congruent,1,30-09-22,30-09-22,22:45:52,0,0,0,0,0,757,3.6.1,creek,233,804,768,816,1536,24,864,24,0,0,1536,short,Linux aarch64,CREEK,56906,57005,56955
Mozilla,Netscape,"5.0 (X11; CrOS aarch64 14989.85.0) AppleWebKit/537.36 (KHTML, like Gecko) Chrome/105.0.0.0 Safari/537.36",Inc_Synth_Nat,incongruent,1,30-09-22,30-09-22,22:45:52,0,0,0,0,0,757,3.6.1,ruler,233,804,860,816,1536,24,864,24,0,0,1536,short,Linux aarch64,PANSY,58421,58522,58471
Mozilla,Netscape,"5.0 (X11; CrOS aarch64 14989.85.0) AppleWebKit/537.36 (KHTML, like Gecko) Chrome/105.0.0.0 Safari/537.36",Con_Synth,congruent,1,30-09-22,30-09-22,22:45:52,0,0,0,0,0,757,3.6.1,mail,233,804,709,816,1536,24,864,24,0,0,1536,short,Linux aarch64,MAIL,60020,60119,60069
Mozilla,Netscape,"5.0 (X11; CrOS aarch64 14989.85.0) AppleWebKit/537.36 (KHTML, like Gecko) Chrome/105.0.0.0 Safari/537.36",Con_Nat,congruent,1,30-09-22,30-09-22,22:45:52,0,0,0,0,0,757,3.6.1,worm,233,804,621,816,1536,24,864,24,0,0,1536,short,Linux aarch64,WORM,61468,61568,61518
Mozilla,Netscape,"5.0 (X11; CrOS aarch64 14989.85.0) AppleWebKit/537.36 (KHTML, like Gecko) Chrome/105.0.0.0 Safari/537.36",Inc_Nat_Synth,incongruent,1,30-09-22,30-09-22,22:45:52,0,0,0,0,0,757,3.6.1,cobra,233,804,768,816,1536,24,864,24,0,0,1536,short,Linux aarch64,RAZOR,62834,62933,62884
Mozilla,Netscape,"5.0 (X11; CrOS aarch64 14989.85.0) AppleWebKit/537.36 (KHTML, like Gecko) Chrome/105.0.0.0 Safari/537.36",Con_Synth,congruent,1,30-09-22,30-09-22,22:45:52,0,0,0,0,0,757,3.6.1,belt,233,804,641,816,1536,24,864,24,0,0,1536,short,Linux aarch64,BELT,64349,64449,64399
Mozilla,Netscape,"5.0 (X11; CrOS aarch64 14989.85.0) AppleWebKit/537.36 (KHTML, like Gecko) Chrome/105.0.0.0 Safari/537.36",Inc_Nat_Synth,incongruent,1,30-09-22,30-09-22,22:45:52,0,0,0,0,0,757,3.6.1,camel,233,804,768,816,1536,24,864,24,0,0,1536,short,Linux aarch64,BENCH,65731,65831,65781
Mozilla,Netscape,"5.0 (X11; CrOS aarch64 14989.85.0) AppleWebKit/537.36 (KHTML, like Gecko) Chrome/105.0.0.0 Safari/537.36",Inc_Nat_Synth,incongruent,1,30-09-22,30-09-22,22:45:52,0,0,0,0,0,757,3.6.1,water,233,804,685,816,1536,24,864,24,0,0,1536,short,Linux aarch64,MEDAL,67247,67346,67297
Mozilla,Netscape,"5.0 (X11; CrOS aarch64 14989.85.0) AppleWebKit/537.36 (KHTML, like Gecko) Chrome/105.0.0.0 Safari/537.36",Con_Synth,congruent,1,30-09-22,30-09-22,22:45:52,0,0,0,0,0,757,3.6.1,coat,233,804,607,816,1536,24,864,24,0,0,1536,short,Linux aarch64,COAT,68679,68779,68728
Mozilla,Netscape,"5.0 (X11; CrOS aarch64 14989.85.0) AppleWebKit/537.36 (KHTML, like Gecko) Chrome/105.0.0.0 Safari/537.36",Inc_Synth_Nat,incongruent,1,30-09-22,30-09-22,22:45:52,0,0,0,0,0,757,3.6.1,silo,233,804,678,816,1536,24,864,24,0,0,1536,short,Linux aarch64,OTTER,70028,70127,70078
Mozilla,Netscape,"5.0 (X11; CrOS aarch64 14989.85.0) AppleWebKit/537.36 (KHTML, like Gecko) Chrome/105.0.0.0 Safari/537.36",Con_Nat,congruent,1,30-09-22,30-09-22,22:45:52,0,0,0,0,0,757,3.6.1,corn,233,804,523,816,1536,24,864,24,0,0,1536,short,Linux aarch64,CORN,71443,71543,71493
Mozilla,Netscape,"5.0 (X11; CrOS aarch64 14989.85.0) AppleWebKit/537.36 (KHTML, like Gecko) Chrome/105.0.0.0 Safari/537.36",Inc_Nat_Synth,incongruent,1,30-09-22,30-09-22,22:45:52,0,0,0,0,0,757,3.6.1,lime,233,804,643,816,1536,24,864,24,0,0,1536,short,Linux aarch64,SOFA,72726,72825,72775
Mozilla,Netscape,"5.0 (X11; CrOS aarch64 14989.85.0) AppleWebKit/537.36 (KHTML, like Gecko) Chrome/105.0.0.0 Safari/537.36",Con_Nat,congruent,0,30-09-22,30-09-22,22:45:52,0,0,0,0,0,757,3.6.1,puppy,233,804,708,816,1536,24,864,24,0,0,1536,short,Linux aarch64,PUPPY,74108,74207,74157
Mozilla,Netscape,"5.0 (X11; CrOS aarch64 14989.85.0) AppleWebKit/537.36 (KHTML, like Gecko) Chrome/105.0.0.0 Safari/537.36",Con_Nat,congruent,1,30-09-22,30-09-22,22:45:52,0,0,0,0,0,757,3.6.1,hawk,233,804,705,816,1536,24,864,24,0,0,1536,short,Linux aarch64,HAWK,75556,75639,75605
Mozilla,Netscape,"5.0 (X11; CrOS aarch64 14989.85.0) AppleWebKit/537.36 (KHTML, like Gecko) Chrome/105.0.0.0 Safari/537.36",Inc_Synth_Nat,incongruent,1,30-09-22,30-09-22,22:45:52,0,0,0,0,0,757,3.6.1,wharf,233,804,858,816,1536,24,864,24,0,0,1536,short,Linux aarch64,TWIG,76989,77088,77038
Mozilla,Netscape,"5.0 (X11; CrOS aarch64 14989.85.0) AppleWebKit/537.36 (KHTML, like Gecko) Chrome/105.0.0.0 Safari/537.36",Con_Nat,congruent,1,30-09-22,30-09-22,22:45:52,0,0,0,0,0,757,3.6.1,goose,233,804,781,816,1536,24,864,24,0,0,1536,short,Linux aarch64,GOOSE,78587,78687,78637
Mozilla,Netscape,"5.0 (X11; CrOS aarch64 14989.85.0) AppleWebKit/537.36 (KHTML, like Gecko) Chrome/105.0.0.0 Safari/537.36",Con_Synth,congruent,1,30-09-22,30-09-22,22:45:52,0,0,0,0,0,757,3.6.1,doll,233,804,759,816,1536,24,864,24,0,0,1536,short,Linux aarch64,DOLL,80102,80184,80136
Mozilla,Netscape,"5.0 (X11; CrOS aarch64 14989.85.0) AppleWebKit/537.36 (KHTML, like Gecko) Chrome/105.0.0.0 Safari/537.36",Inc_Nat_Synth,incongruent,1,30-09-22,30-09-22,22:45:52,0,0,0,0,0,757,3.6.1,fern,233,804,729,816,1536,24,864,24,0,0,1536,short,Linux aarch64,CAFÉ,81567,81651,81601
Mozilla,Netscape,"5.0 (X11; CrOS aarch64 14989.85.0) AppleWebKit/537.36 (KHTML, like Gecko) Chrome/105.0.0.0 Safari/537.36",Con_Nat,congruent,1,30-09-22,30-09-22,22:45:52,0,0,0,0,0,757,3.6.1,cave,233,804,750,816,1536,24,864,24,0,0,1536,short,Linux aarch64,CAVE,83016,83116,83066
Mozilla,Netscape,"5.0 (X11; CrOS aarch64 14989.85.0) AppleWebKit/537.36 (KHTML, like Gecko) Chrome/105.0.0.0 Safari/537.36",Inc_Synth_Nat,incongruent,1,30-09-22,30-09-22,22:45:52,0,0,0,0,0,757,3.6.1,sash,233,804,856,816,1536,24,864,24,0,0,1536,short,Linux aarch64,DINGO,84499,84598,84548
Mozilla,Netscape,"5.0 (X11; CrOS aarch64 14989.85.0) AppleWebKit/537.36 (KHTML, like Gecko) Chrome/105.0.0.0 Safari/537.36",Con_Synth,congruent,1,30-09-22,30-09-22,22:45:52,0,0,0,0,0,757,3.6.1,drug,233,804,696,816,1536,24,864,24,0,0,1536,short,Linux aarch64,DRUG,86097,86197,86147
Mozilla,Netscape,"5.0 (X11; CrOS aarch64 14989.85.0) AppleWebKit/537.36 (KHTML, like Gecko) Chrome/105.0.0.0 Safari/537.36",Con_Synth,congruent,1,30-09-22,30-09-22,22:45:52,0,0,0,0,0,757,3.6.1,gate,233,804,1081,816,1536,24,864,24,0,0,1536,short,Linux aarch64,GATE,87530,87629,87579
Mozilla,Netscape,"5.0 (X11; CrOS aarch64 14989.85.0) AppleWebKit/537.36 (KHTML, like Gecko) Chrome/105.0.0.0 Safari/537.36",Con_Nat,congruent,1,30-09-22,30-09-22,22:45:52,0,0,0,0,0,757,3.6.1,soil,233,804,528,816,1536,24,864,24,0,0,1536,short,Linux aarch64,SOIL,89344,89444,89394
Mozilla,Netscape,"5.0 (X11; CrOS aarch64 14989.85.0) AppleWebKit/537.36 (KHTML, like Gecko) Chrome/105.0.0.0 Safari/537.36",Con_Synth,congruent,1,30-09-22,30-09-22,22:45:52,0,0,0,0,0,757,3.6.1,cable,233,804,555,816,1536,24,864,24,0,0,1536,short,Linux aarch64,CABLE,90610,90709,90660
Mozilla,Netscape,"5.0 (X11; CrOS aarch64 14989.85.0) AppleWebKit/537.36 (KHTML, like Gecko) Chrome/105.0.0.0 Safari/537.36",Inc_Synth_Nat,incongruent,1,30-09-22,30-09-22,22:45:52,0,0,0,0,0,757,3.6.1,rail,233,804,722,816,1536,24,864,24,0,0,1536,short,Linux aarch64,SQUID,91910,92009,91959
Mozilla,Netscape,"5.0 (X11; CrOS aarch64 14989.85.0) AppleWebKit/537.36 (KHTML, like Gecko) Chrome/105.0.0.0 Safari/537.36",Inc_Nat_Synth,incongruent,1,30-09-22,30-09-22,22:45:52,0,0,0,0,0,757,3.6.1,toad,233,804,665,816,1536,24,864,24,0,0,1536,short,Linux aarch64,GLOVE,93374,93466,93408
Mozilla,Netscape,"5.0 (X11; CrOS aarch64 14989.85.0) AppleWebKit/537.36 (KHTML, like Gecko) Chrome/105.0.0.0 Safari/537.36",Inc_Synth_Nat,incongruent,1,30-09-22,30-09-22,22:45:52,0,0,0,0,0,757,3.6.1,rake,233,804,600,816,1536,24,864,24,0,0,1536,short,Linux aarch64,HUSKY,94756,94856,94806
Mozilla,Netscape,"5.0 (X11; CrOS aarch64 14989.85.0) AppleWebKit/537.36 (KHTML, like Gecko) Chrome/105.0.0.0 Safari/537.36",Con_Nat,congruent,1,30-09-22,30-09-22,22:45:52,0,0,0,0,0,757,3.6.1,tiger,233,804,529,816,1536,24,864,24,0,0,1536,short,Linux aarch64,TIGER,96089,96188,96138
Mozilla,Netscape,"5.0 (X11; CrOS aarch64 14989.85.0) AppleWebKit/537.36 (KHTML, like Gecko) Chrome/105.0.0.0 Safari/537.36",Con_Nat,congruent,1,30-09-22,30-09-22,22:45:52,0,0,0,0,0,757,3.6.1,whale,233,804,457,816,1536,24,864,24,0,0,1536,short,Linux aarch64,WHALE,97354,97454,97405
Mozilla,Netscape,"5.0 (X11; CrOS aarch64 14989.85.0) AppleWebKit/537.36 (KHTML, like Gecko) Chrome/105.0.0.0 Safari/537.36",Inc_Synth_Nat,incongruent,1,30-09-22,30-09-22,22:45:52,0,0,0,0,0,757,3.6.1,spade,233,804,695,816,1536,24,864,24,0,0,1536,short,Linux aarch64,LLAMA,98539,98636,98586
Mozilla,Netscape,"5.0 (X11; CrOS aarch64 14989.85.0) AppleWebKit/537.36 (KHTML, like Gecko) Chrome/105.0.0.0 Safari/537.36",Con_Synth,congruent,1,30-09-22,30-09-22,22:45:52,0,0,0,0,0,757,3.6.1,tank,233,804,674,816,1536,24,864,24,0,0,1536,short,Linux aarch64,TANK,99969,100068,100018
Mozilla,Netscape,"5.0 (X11; CrOS aarch64 14989.85.0) AppleWebKit/537.36 (KHTML, like Gecko) Chrome/105.0.0.0 Safari/537.36",Inc_Nat_Synth,incongruent,1,30-09-22,30-09-22,22:45:52,0,0,0,0,0,757,3.6.1,crow,233,804,720,816,1536,24,864,24,0,0,1536,short,Linux aarch64,YACHT,101384,101483,101434
Mozilla,Netscape,"5.0 (X11; CrOS aarch64 14989.85.0) AppleWebKit/537.36 (KHTML, like Gecko) Chrome/105.0.0.0 Safari/537.36",Con_Nat,congruent,1,30-09-22,30-09-22,22:45:52,0,0,0,0,0,757,3.6.1,daisy,233,804,579,816,1536,24,864,24,0,0,1536,short,Linux aarch64,DAISY,102850,102949,102899
Mozilla,Netscape,"5.0 (X11; CrOS aarch64 14989.85.0) AppleWebKit/537.36 (KHTML, like Gecko) Chrome/105.0.0.0 Safari/537.36",Con_Synth,congruent,1,30-09-22,30-09-22,22:45:52,0,0,0,0,0,757,3.6.1,paint,233,804,866,816,1536,24,864,24,0,0,1536,short,Linux aarch64,PAINT,104165,104265,104215
Mozilla,Netscape,"5.0 (X11; CrOS aarch64 14989.85.0) AppleWebKit/537.36 (KHTML, like Gecko) Chrome/105.0.0.0 Safari/537.36",Con_Synth,congruent,0,30-09-22,30-09-22,22:45:52,0,0,0,0,0,757,3.6.1,rope,233,804,584,816,1536,24,864,24,0,0,1536,short,Linux aarch64,ROPE,105780,105880,105830
Mozilla,Netscape,"5.0 (X11; CrOS aarch64 14989.85.0) AppleWebKit/537.36 (KHTML, like Gecko) Chrome/105.0.0.0 Safari/537.36",Inc_Synth_Nat,incongruent,1,30-09-22,30-09-22,22:45:52,0,0,0,0,0,757,3.6.1,arena,233,804,713,816,1536,24,864,24,0,0,1536,short,Linux aarch64,VINE,107112,107195,107161
Mozilla,Netscape,"5.0 (X11; CrOS aarch64 14989.85.0) AppleWebKit/537.36 (KHTML, like Gecko) Chrome/105.0.0.0 Safari/537.36",Inc_Nat_Synth,incongruent,1,30-09-22,30-09-22,22:45:52,0,0,0,0,0,757,3.6.1,peach,233,804,968,816,1536,24,864,24,0,0,1536,short,Linux aarch64,SHED,108545,108644,108594
Mozilla,Netscape,"5.0 (X11; CrOS aarch64 14989.85.0) AppleWebKit/537.36 (KHTML, like Gecko) Chrome/105.0.0.0 Safari/537.36",Inc_Synth_Nat,incongruent,1,30-09-22,30-09-22,22:45:52,0,0,0,0,0,757,3.6.1,patio,233,804,648,816,1536,24,864,24,0,0,1536,short,Linux aarch64,SLOTH,110260,110359,110310
Mozilla,Netscape,"5.0 (X11; CrOS aarch64 14989.85.0) AppleWebKit/537.36 (KHTML, like Gecko) Chrome/105.0.0.0 Safari/537.36",Con_Nat,congruent,1,30-09-22,30-09-22,22:45:52,0,0,0,0,0,757,3.6.1,frog,233,804,638,816,1536,24,864,24,0,0,1536,short,Linux aarch64,FROG,111642,111742,111692
Mozilla,Netscape,"5.0 (X11; CrOS aarch64 14989.85.0) AppleWebKit/537.36 (KHTML, like Gecko) Chrome/105.0.0.0 Safari/537.36",Inc_Synth_Nat,incongruent,1,30-09-22,30-09-22,22:45:52,0,0,0,0,0,757,3.6.1,ladle,233,804,790,816,1536,24,864,24,0,0,1536,short,Linux aarch64,GULLY,113024,113124,113074
Mozilla,Netscape,"5.0 (X11; CrOS aarch64 14989.85.0) AppleWebKit/537.36 (KHTML, like Gecko) Chrome/105.0.0.0 Safari/537.36",Inc_Synth_Nat,incongruent,1,30-09-22,30-09-22,22:45:52,0,0,0,0,0,757,3.6.1,sewer,233,804,770,816,1536,24,864,24,0,0,1536,short,Linux aarch64,CORAL,114540,114625,114589
Mozilla,Netscape,"5.0 (X11; CrOS aarch64 14989.85.0) AppleWebKit/537.36 (KHTML, like Gecko) Chrome/105.0.0.0 Safari/537.36",Con_Synth,congruent,1,30-09-22,30-09-22,22:45:52,0,0,0,0,0,757,3.6.1,tower,233,804,818,816,1536,24,864,24,0,0,1536,short,Linux aarch64,TOWER,116038,116138,116088
Mozilla,Netscape,"5.0 (X11; CrOS aarch64 14989.85.0) AppleWebKit/537.36 (KHTML, like Gecko) Chrome/105.0.0.0 Safari/537.36",Inc_Nat_Synth,incongruent,1,30-09-22,30-09-22,22:45:52,0,0,0,0,0,757,3.6.1,poppy,233,804,790,816,1536,24,864,24,0,0,1536,short,Linux aarch64,CLOTH,117604,117703,117653
Mozilla,Netscape,"5.0 (X11; CrOS aarch64 14989.85.0) AppleWebKit/537.36 (KHTML, like Gecko) Chrome/105.0.0.0 Safari/537.36",Inc_Synth_Nat,incongruent,1,30-09-22,30-09-22,22:45:52,0,0,0,0,0,757,3.6.1,kiosk,233,804,732,816,1536,24,864,24,0,0,1536,short,Linux aarch64,PETAL,119136,119236,119185
Mozilla,Netscape,"5.0 (X11; CrOS aarch64 14989.85.0) AppleWebKit/537.36 (KHTML, like Gecko) Chrome/105.0.0.0 Safari/537.36",Con_Synth,congruent,1,30-09-22,30-09-22,22:45:52,0,0,0,0,0,757,3.6.1,toast,233,804,706,816,1536,24,864,24,0,0,1536,short,Linux aarch64,TOAST,120601,120700,120651
Mozilla,Netscape,"5.0 (X11; CrOS aarch64 14989.85.0) AppleWebKit/537.36 (KHTML, like Gecko) Chrome/105.0.0.0 Safari/537.36",Con_Synth,congruent,1,30-09-22,30-09-22,22:45:52,0,0,0,0,0,757,3.6.1,sword,233,804,949,816,1536,24,864,24,0,0,1536,short,Linux aarch64,SWORD,122050,122150,122101
Mozilla,Netscape,"5.0 (X11; CrOS aarch64 14989.85.0) AppleWebKit/537.36 (KHTML, like Gecko) Chrome/105.0.0.0 Safari/537.36",Inc_Nat_Synth,incongruent,1,30-09-22,30-09-22,22:45:52,0,0,0,0,0,757,3.6.1,mice,233,804,750,816,1536,24,864,24,0,0,1536,short,Linux aarch64,TOOLS,123749,123848,123798
Mozilla,Netscape,"5.0 (X11; CrOS aarch64 14989.85.0) AppleWebKit/537.36 (KHTML, like Gecko) Chrome/105.0.0.0 Safari/537.36",Inc_Synth_Nat,incongruent,1,30-09-22,30-09-22,22:45:52,0,0,0,0,0,757,3.6.1,spear,233,804,696,816,1536,24,864,24,0,0,1536,short,Linux aarch64,MOTH,125247,125347,125297
Mozilla,Netscape,"5.0 (X11; CrOS aarch64 14989.85.0) AppleWebKit/537.36 (KHTML, like Gecko) Chrome/105.0.0.0 Safari/537.36",Inc_Synth_Nat,incongruent,1,30-09-22,30-09-22,22:45:52,0,0,0,0,0,757,3.6.1,torch,233,804,790,816,1536,24,864,24,0,0,1536,short,Linux aarch64,CHIMP,126679,126779,126729
Mozilla,Netscape,"5.0 (X11; CrOS aarch64 14989.85.0) AppleWebKit/537.36 (KHTML, like Gecko) Chrome/105.0.0.0 Safari/537.36",Inc_Nat_Synth,incongruent,1,30-09-22,30-09-22,22:45:52,0,0,0,0,0,757,3.6.1,grape,233,804,690,816,1536,24,864,24,0,0,1536,short,Linux aarch64,SHELF,128211,128311,128261
Mozilla,Netscape,"5.0 (X11; CrOS aarch64 14989.85.0) AppleWebKit/537.36 (KHTML, like Gecko) Chrome/105.0.0.0 Safari/537.36",Con_Nat,congruent,1,30-09-22,30-09-22,22:45:52,0,0,0,0,0,757,3.6.1,grass,233,804,518,816,1536,24,864,24,0,0,1536,short,Linux aarch64,GRASS,129643,129743,129693
Mozilla,Netscape,"5.0 (X11; CrOS aarch64 14989.85.0) AppleWebKit/537.36 (KHTML, like Gecko) Chrome/105.0.0.0 Safari/537.36",Inc_Nat_Synth,incongruent,1,30-09-22,30-09-22,22:45:52,0,0,0,0,0,757,3.6.1,leaf,233,804,676,816,1536,24,864,24,0,0,1536,short,Linux aarch64,COIN,130909,131009,130959
Mozilla,Netscape,"5.0 (X11; CrOS aarch64 14989.85.0) AppleWebKit/537.36 (KHTML, like Gecko) Chrome/105.0.0.0 Safari/537.36",Inc_Synth_Nat,incongruent,1,30-09-22,30-09-22,22:45:52,0,0,0,0,0,757,3.6.1,harp,233,804,565,816,1536,24,864,24,0,0,1536,short,Linux aarch64,SNAIL,132324,132407,132360
Mozilla,Netscape,"5.0 (X11; CrOS aarch64 14989.85.0) AppleWebKit/537.36 (KHTML, like Gecko) Chrome/105.0.0.0 Safari/537.36",Inc_Nat_Synth,incongruent,1,30-09-22,30-09-22,22:45:52,0,0,0,0,0,757,3.6.1,berry,233,804,680,816,1536,24,864,24,0,0,1536,short,Linux aarch64,PLAZA,133590,133690,133640
Mozilla,Netscape,"5.0 (X11; CrOS aarch64 14989.85.0) AppleWebKit/537.36 (KHTML, like Gecko) Chrome/105.0.0.0 Safari/537.36",Con_Synth,congruent,1,30-09-22,30-09-22,22:45:52,0,0,0,0,0,757,3.6.1,bread,233,804,849,816,1536,24,864,24,0,0,1536,short,Linux aarch64,BREAD,135005,135089,135055
Mozilla,Netscape,"5.0 (X11; CrOS aarch64 14989.85.0) AppleWebKit/537.36 (KHTML, like Gecko) Chrome/105.0.0.0 Safari/537.36",Inc_Nat_Synth,incongruent,0,30-09-22,30-09-22,22:45:52,0,0,0,0,0,757,3.6.1,melon,233,804,801,816,1536,24,864,24,0,0,1536,short,Linux aarch64,HOSE,136571,136671,136620
Mozilla,Netscape,"5.0 (X11; CrOS aarch64 14989.85.0) AppleWebKit/537.36 (KHTML, like Gecko) Chrome/105.0.0.0 Safari/537.36",Inc_Nat_Synth,incongruent,1,30-09-22,30-09-22,22:45:52,0,0,0,0,0,757,3.6.1,fruit,233,804,746,816,1536,24,864,24,0,0,1536,long,Linux aarch64,PLATE,136571,139851,139801
Mozilla,Netscape,"5.0 (X11; CrOS aarch64 14989.85.0) AppleWebKit/537.36 (KHTML, like Gecko) Chrome/105.0.0.0 Safari/537.36",Inc_Synth_Nat,incongruent,1,30-09-22,30-09-22,22:45:52,0,0,0,0,0,757,3.6.1,taxi,233,804,608,816,1536,24,864,24,0,0,1536,long,Linux aarch64,DIRT,136571,141366,141317
Mozilla,Netscape,"5.0 (X11; CrOS aarch64 14989.85.0) AppleWebKit/537.36 (KHTML, like Gecko) Chrome/105.0.0.0 Safari/537.36",Con_Synth,congruent,1,30-09-22,30-09-22,22:45:52,0,0,0,0,0,757,3.6.1,arrow,233,804,852,816,1536,24,864,24,0,0,1536,long,Linux aarch64,ARROW,136571,142732,142682
Mozilla,Netscape,"5.0 (X11; CrOS aarch64 14989.85.0) AppleWebKit/537.36 (KHTML, like Gecko) Chrome/105.0.0.0 Safari/537.36",Inc_Synth_Nat,incongruent,1,30-09-22,30-09-22,22:45:52,0,0,0,0,0,757,3.6.1,bell,233,804,553,816,1536,24,864,24,0,0,1536,long,Linux aarch64,BEAR,136571,144364,144314
Mozilla,Netscape,"5.0 (X11; CrOS aarch64 14989.85.0) AppleWebKit/537.36 (KHTML, like Gecko) Chrome/105.0.0.0 Safari/537.36",Inc_Nat_Synth,incongruent,1,30-09-22,30-09-22,22:45:52,0,0,0,0,0,757,3.6.1,moose,233,804,715,816,1536,24,864,24,0,0,1536,long,Linux aarch64,PORCH,136571,145696,145646
Mozilla,Netscape,"5.0 (X11; CrOS aarch64 14989.85.0) AppleWebKit/537.36 (KHTML, like Gecko) Chrome/105.0.0.0 Safari/537.36",Inc_Nat_Synth,incongruent,1,30-09-22,30-09-22,22:45:52,0,0,0,0,0,757,3.6.1,sheep,233,804,716,816,1536,24,864,24,0,0,1536,long,Linux aarch64,TRASH,136571,147195,147145
Mozilla,Netscape,"5.0 (X11; CrOS aarch64 14989.85.0) AppleWebKit/537.36 (KHTML, like Gecko) Chrome/105.0.0.0 Safari/537.36",Con_Nat,congruent,1,30-09-22,30-09-22,22:45:52,0,0,0,0,0,757,3.6.1,plum,233,804,740,816,1536,24,864,24,0,0,1536,long,Linux aarch64,PLUM,136571,148678,148627
Mozilla,Netscape,"5.0 (X11; CrOS aarch64 14989.85.0) AppleWebKit/537.36 (KHTML, like Gecko) Chrome/105.0.0.0 Safari/537.36",Inc_Nat_Synth,incongruent,1,30-09-22,30-09-22,22:45:52,0,0,0,0,0,757,3.6.1,cloud,233,804,517,816,1536,24,864,24,0,0,1536,long,Linux aarch64,MOTEL,136571,150209,150159
Mozilla,Netscape,"5.0 (X11; CrOS aarch64 14989.85.0) AppleWebKit/537.36 (KHTML, like Gecko) Chrome/105.0.0.0 Safari/537.36",Inc_Synth_Nat,incongruent,1,30-09-22,30-09-22,22:45:52,0,0,0,0,0,757,3.6.1,roof,233,804,886,816,1536,24,864,24,0,0,1536,long,Linux aarch64,ROSE,136571,151508,151458
Mozilla,Netscape,"5.0 (X11; CrOS aarch64 14989.85.0) AppleWebKit/537.36 (KHTML, like Gecko) Chrome/105.0.0.0 Safari/537.36",Con_Synth,congruent,1,30-09-22,30-09-22,22:45:52,0,0,0,0,0,757,3.6.1,stove,233,804,698,816,1536,24,864,24,0,0,1536,long,Linux aarch64,STOVE,136571,153173,153123
Mozilla,Netscape,"5.0 (X11; CrOS aarch64 14989.85.0) AppleWebKit/537.36 (KHTML, like Gecko) Chrome/105.0.0.0 Safari/537.36",Con_Nat,congruent,1,30-09-22,30-09-22,22:45:52,0,0,0,0,0,757,3.6.1,stone,233,804,573,816,1536,24,864,24,0,0,1536,long,Linux aarch64,STONE,136571,154622,154572
Mozilla,Netscape,"5.0 (X11; CrOS aarch64 14989.85.0) AppleWebKit/537.36 (KHTML, like Gecko) Chrome/105.0.0.0 Safari/537.36",Inc_Nat_Synth,incongruent,1,30-09-22,30-09-22,22:45:52,0,0,0,0,0,757,3.6.1,shell,233,804,708,816,1536,24,864,24,0,0,1536,long,Linux aarch64,CHAIN,136571,155954,155904
Mozilla,Netscape,"5.0 (X11; CrOS aarch64 14989.85.0) AppleWebKit/537.36 (KHTML, like Gecko) Chrome/105.0.0.0 Safari/537.36",Con_Synth,congruent,1,30-09-22,30-09-22,22:45:52,0,0,0,0,0,757,3.6.1,jeans,233,804,656,816,1536,24,864,24,0,0,1536,long,Linux aarch64,JEANS,136571,157419,157370
Mozilla,Netscape,"5.0 (X11; CrOS aarch64 14989.85.0) AppleWebKit/537.36 (KHTML, like Gecko) Chrome/105.0.0.0 Safari/537.36",Con_Nat,congruent,1,30-09-22,30-09-22,22:45:52,0,0,0,0,0,757,3.6.1,clam,233,804,525,816,1536,24,864,24,0,0,1536,long,Linux aarch64,CLAM,136571,158835,158785
Mozilla,Netscape,"5.0 (X11; CrOS aarch64 14989.85.0) AppleWebKit/537.36 (KHTML, like Gecko) Chrome/105.0.0.0 Safari/537.36",Inc_Nat_Synth,incongruent,1,30-09-22,30-09-22,22:45:52,0,0,0,0,0,757,3.6.1,olive,233,804,571,816,1536,24,864,24,0,0,1536,long,Linux aarch64,MOTOR,136571,160117,160067
Mozilla,Netscape,"5.0 (X11; CrOS aarch64 14989.85.0) AppleWebKit/537.36 (KHTML, like Gecko) Chrome/105.0.0.0 Safari/537.36",Inc_Synth_Nat,incongruent,1,30-09-22,30-09-22,22:45:52,0,0,0,0,0,757,3.6.1,deck,233,804,660,816,1536,24,864,24,0,0,1536,long,Linux aarch64,DUCK,136571,161466,161416
Mozilla,Netscape,"5.0 (X11; CrOS aarch64 14989.85.0) AppleWebKit/537.36 (KHTML, like Gecko) Chrome/105.0.0.0 Safari/537.36",Con_Synth,congruent,1,30-09-22,30-09-22,22:45:52,0,0,0,0,0,757,3.6.1,stair,233,804,716,816,1536,24,864,24,0,0,1536,long,Linux aarch64,STAIR,136571,162903,162849
Mozilla,Netscape,"5.0 (X11; CrOS aarch64 14989.85.0) AppleWebKit/537.36 (KHTML, like Gecko) Chrome/105.0.0.0 Safari/537.36",Inc_Nat_Synth,incongruent,1,30-09-22,30-09-22,22:45:52,0,0,0,0,0,757,3.6.1,flood,233,804,795,816,1536,24,864,24,0,0,1536,long,Linux aarch64,SKIRT,136571,164380,164330
Mozilla,Netscape,"5.0 (X11; CrOS aarch64 14989.85.0) AppleWebKit/537.36 (KHTML, like Gecko) Chrome/105.0.0.0 Safari/537.36",Inc_Nat_Synth,incongruent,1,30-09-22,30-09-22,22:45:52,0,0,0,0,0,757,3.6.1,eagle,233,804,748,816,1536,24,864,24,0,0,1536,long,Linux aarch64,WAGON,136571,165945,165896
Mozilla,Netscape,"5.0 (X11; CrOS aarch64 14989.85.0) AppleWebKit/537.36 (KHTML, like Gecko) Chrome/105.0.0.0 Safari/537.36",Con_Nat,congruent,1,30-09-22,30-09-22,22:45:52,0,0,0,0,0,757,3.6.1,wasp,233,804,488,816,1536,24,864,24,0,0,1536,long,Linux aarch64,WASP,136571,167461,167411
Mozilla,Netscape,"5.0 (X11; CrOS aarch64 14989.85.0) AppleWebKit/537.36 (KHTML, like Gecko) Chrome/105.0.0.0 Safari/537.36",Con_Nat,congruent,1,30-09-22,30-09-22,22:45:52,0,0,0,0,0,757,3.6.1,moss,233,804,811,816,1536,24,864,24,0,0,1536,long,Linux aarch64,MOSS,136571,168726,168677
Mozilla,Netscape,"5.0 (X11; CrOS aarch64 14989.85.0) AppleWebKit/537.36 (KHTML, like Gecko) Chrome/105.0.0.0 Safari/537.36",Con_Nat,congruent,1,30-09-22,30-09-22,22:45:52,0,0,0,0,0,757,3.6.1,boar,233,804,961,816,1536,24,864,24,0,0,1536,long,Linux aarch64,BOAR,136571,170291,170241
Mozilla,Netscape,"5.0 (X11; CrOS aarch64 14989.85.0) AppleWebKit/537.36 (KHTML, like Gecko) Chrome/105.0.0.0 Safari/537.36",Con_Nat,congruent,1,30-09-22,30-09-22,22:45:52,0,0,0,0,0,757,3.6.1,hare,233,804,964,816,1536,24,864,24,0,0,1536,long,Linux aarch64,HARE,136571,172007,171957
Mozilla,Netscape,"5.0 (X11; CrOS aarch64 14989.85.0) AppleWebKit/537.36 (KHTML, like Gecko) Chrome/105.0.0.0 Safari/537.36",Con_Synth,congruent,1,30-09-22,30-09-22,22:45:52,0,0,0,0,0,757,3.6.1,flask,233,804,593,816,1536,24,864,24,0,0,1536,long,Linux aarch64,FLASK,136571,173739,173689
Mozilla,Netscape,"5.0 (X11; CrOS aarch64 14989.85.0) AppleWebKit/537.36 (KHTML, like Gecko) Chrome/105.0.0.0 Safari/537.36",Con_Nat,congruent,1,30-09-22,30-09-22,22:45:52,0,0,0,0,0,757,3.6.1,stick,233,804,1051,816,1536,24,864,24,0,0,1536,long,Linux aarch64,STICK,136571,175104,175055
Mozilla,Netscape,"5.0 (X11; CrOS aarch64 14989.85.0) AppleWebKit/537.36 (KHTML, like Gecko) Chrome/105.0.0.0 Safari/537.36",Con_Synth,congruent,1,30-09-22,30-09-22,22:45:52,0,0,0,0,0,757,3.6.1,linen,233,804,762,816,1536,24,864,24,0,0,1536,long,Linux aarch64,LINEN,136571,176936,176887
Mozilla,Netscape,"5.0 (X11; CrOS aarch64 14989.85.0) AppleWebKit/537.36 (KHTML, like Gecko) Chrome/105.0.0.0 Safari/537.36",Con_Synth,congruent,1,30-09-22,30-09-22,22:45:52,0,0,0,0,0,757,3.6.1,canon,233,804,769,816,1536,24,864,24,0,0,1536,long,Linux aarch64,CANON,136571,178451,178402
Mozilla,Netscape,"5.0 (X11; CrOS aarch64 14989.85.0) AppleWebKit/537.36 (KHTML, like Gecko) Chrome/105.0.0.0 Safari/537.36",Inc_Synth_Nat,incongruent,1,30-09-22,30-09-22,22:45:52,0,0,0,0,0,757,3.6.1,sink,233,804,600,816,1536,24,864,24,0,0,1536,long,Linux aarch64,LAMB,136571,179984,179934
Mozilla,Netscape,"5.0 (X11; CrOS aarch64 14989.85.0) AppleWebKit/537.36 (KHTML, like Gecko) Chrome/105.0.0.0 Safari/537.36",Inc_Synth_Nat,incongruent,1,30-09-22,30-09-22,22:45:52,0,0,0,0,0,757,3.6.1,bowl,233,804,1012,816,1536,24,864,24,0,0,1536,long,Linux aarch64,WOLF,136571,181349,181299
Mozilla,Netscape,"5.0 (X11; CrOS aarch64 14989.85.0) AppleWebKit/537.36 (KHTML, like Gecko) Chrome/105.0.0.0 Safari/537.36",Con_Synth,congruent,1,30-09-22,30-09-22,22:45:52,0,0,0,0,0,757,3.6.1,broom,233,804,525,816,1536,24,864,24,0,0,1536,long,Linux aarch64,BROOM,136571,183131,183081
Mozilla,Netscape,"5.0 (X11; CrOS aarch64 14989.85.0) AppleWebKit/537.36 (KHTML, like Gecko) Chrome/105.0.0.0 Safari/537.36",Inc_Nat_Synth,incongruent,1,30-09-22,30-09-22,22:45:52,0,0,0,0,0,757,3.6.1,bunny,233,804,956,816,1536,24,864,24,0,0,1536,long,Linux aarch64,PIANO,136571,184429,184380
Mozilla,Netscape,"5.0 (X11; CrOS aarch64 14989.85.0) AppleWebKit/537.36 (KHTML, like Gecko) Chrome/105.0.0.0 Safari/537.36",Con_Nat,congruent,1,30-09-22,30-09-22,22:45:52,0,0,0,0,0,757,3.6.1,swan,233,804,652,816,1536,24,864,24,0,0,1536,long,Linux aarch64,SWAN,136571,186128,186079
Mozilla,Netscape,"5.0 (X11; CrOS aarch64 14989.85.0) AppleWebKit/537.36 (KHTML, like Gecko) Chrome/105.0.0.0 Safari/537.36",Con_Synth,congruent,1,30-09-22,30-09-22,22:45:52,0,0,0,0,0,757,3.6.1,scarf,233,804,608,816,1536,24,864,24,0,0,1536,long,Linux aarch64,SCARF,136571,187560,187512
Mozilla,Netscape,"5.0 (X11; CrOS aarch64 14989.85.0) AppleWebKit/537.36 (KHTML, like Gecko) Chrome/105.0.0.0 Safari/537.36",Con_Synth,congruent,1,30-09-22,30-09-22,22:45:52,0,0,0,0,0,757,3.6.1,apron,233,804,509,816,1536,24,864,24,0,0,1536,long,Linux aarch64,APRON,136571,188942,188893
Mozilla,Netscape,"5.0 (X11; CrOS aarch64 14989.85.0) AppleWebKit/537.36 (KHTML, like Gecko) Chrome/105.0.0.0 Safari/537.36",Con_Nat,congruent,1,30-09-22,30-09-22,22:45:52,0,0,0,0,0,757,3.6.1,earth,233,804,581,816,1536,24,864,24,0,0,1536,long,Linux aarch64,EARTH,136571,190225,190175
Mozilla,Netscape,"5.0 (X11; CrOS aarch64 14989.85.0) AppleWebKit/537.36 (KHTML, like Gecko) Chrome/105.0.0.0 Safari/537.36",Con_Synth,congruent,1,30-09-22,30-09-22,22:45:52,0,0,0,0,0,757,3.6.1,flute,233,804,595,816,1536,24,864,24,0,0,1536,long,Linux aarch64,FLUTE,136571,191557,191507
Mozilla,Netscape,"5.0 (X11; CrOS aarch64 14989.85.0) AppleWebKit/537.36 (KHTML, like Gecko) Chrome/105.0.0.0 Safari/537.36",Con_Synth,congruent,1,30-09-22,30-09-22,22:45:52,0,0,0,0,0,757,3.6.1,tongs,233,804,713,816,1536,24,864,24,0,0,1536,long,Linux aarch64,TONGS,136571,192922,192873
Mozilla,Netscape,"5.0 (X11; CrOS aarch64 14989.85.0) AppleWebKit/537.36 (KHTML, like Gecko) Chrome/105.0.0.0 Safari/537.36",Con_Nat,congruent,1,30-09-22,30-09-22,22:45:52,0,0,0,0,0,757,3.6.1,peas,233,804,548,816,1536,24,864,24,0,0,1536,long,Linux aarch64,PEAS,136571,194405,194355
Mozilla,Netscape,"5.0 (X11; CrOS aarch64 14989.85.0) AppleWebKit/537.36 (KHTML, like Gecko) Chrome/105.0.0.0 Safari/537.36",Con_Nat,congruent,1,30-09-22,30-09-22,22:45:52,0,0,0,0,0,757,3.6.1,slug,233,804,794,816,1536,24,864,24,0,0,1536,long,Linux aarch64,SLUG,136571,195702,195653
Mozilla,Netscape,"5.0 (X11; CrOS aarch64 14989.85.0) AppleWebKit/537.36 (KHTML, like Gecko) Chrome/105.0.0.0 Safari/537.36",Con_Nat,congruent,1,30-09-22,30-09-22,22:45:52,0,0,0,0,0,757,3.6.1,reef,233,804,674,816,1536,24,864,24,0,0,1536,long,Linux aarch64,REEF,136571,197235,197186
Mozilla,Netscape,"5.0 (X11; CrOS aarch64 14989.85.0) AppleWebKit/537.36 (KHTML, like Gecko) Chrome/105.0.0.0 Safari/537.36",Inc_Synth_Nat,incongruent,1,30-09-22,30-09-22,22:45:52,0,0,0,0,0,757,3.6.1,desk,233,804,659,816,1536,24,864,24,0,0,1536,long,Linux aarch64,TREE,136571,198685,198634
Mozilla,Netscape,"5.0 (X11; CrOS aarch64 14989.85.0) AppleWebKit/537.36 (KHTML, like Gecko) Chrome/105.0.0.0 Safari/537.36",Inc_Synth_Nat,incongruent,1,30-09-22,30-09-22,22:45:52,0,0,0,0,0,757,3.6.1,soap,233,804,650,816,1536,24,864,24,0,0,1536,long,Linux aarch64,PONY,136571,200116,200067
Mozilla,Netscape,"5.0 (X11; CrOS aarch64 14989.85.0) AppleWebKit/537.36 (KHTML, like Gecko) Chrome/105.0.0.0 Safari/537.36",Con_Synth,congruent,0,30-09-22,30-09-22,22:45:52,0,0,0,0,0,757,3.6.1,canoe,233,804,693,816,1536,24,864,24,0,0,1536,long,Linux aarch64,CANOE,136571,201548,201499
Mozilla,Netscape,"5.0 (X11; CrOS aarch64 14989.85.0) AppleWebKit/537.36 (KHTML, like Gecko) Chrome/105.0.0.0 Safari/537.36",Inc_Synth_Nat,incongruent,1,30-09-22,30-09-22,22:45:52,0,0,0,0,0,757,3.6.1,wire,233,804,649,816,1536,24,864,24,0,0,1536,long,Linux aarch64,BULL,136571,202997,202948
Mozilla,Netscape,"5.0 (X11; CrOS aarch64 14989.85.0) AppleWebKit/537.36 (KHTML, like Gecko) Chrome/105.0.0.0 Safari/537.36",Inc_Nat_Synth,incongruent,1,30-09-22,30-09-22,22:45:52,0,0,0,0,0,757,3.6.1,ocean,233,804,727,816,1536,24,864,24,0,0,1536,long,Linux aarch64,WHEEL,136571,204429,204380
Mozilla,Netscape,"5.0 (X11; CrOS aarch64 14989.85.0) AppleWebKit/537.36 (KHTML, like Gecko) Chrome/105.0.0.0 Safari/537.36",Con_Synth,congruent,1,30-09-22,30-09-22,22:45:52,0,0,0,0,0,757,3.6.1,crate,233,804,743,816,1536,24,864,24,0,0,1536,long,Linux aarch64,CRATE,136571,205928,205880
Mozilla,Netscape,"5.0 (X11; CrOS aarch64 14989.85.0) AppleWebKit/537.36 (KHTML, like Gecko) Chrome/105.0.0.0 Safari/537.36",Inc_Synth_Nat,incongruent,1,30-09-22,30-09-22,22:45:52,0,0,0,0,0,757,3.6.1,barn,233,804,654,816,1536,24,864,24,0,0,1536,long,Linux aarch64,TUNA,136571,207443,207395
Mozilla,Netscape,"5.0 (X11; CrOS aarch64 14989.85.0) AppleWebKit/537.36 (KHTML, like Gecko) Chrome/105.0.0.0 Safari/537.36",Inc_Synth_Nat,incongruent,1,30-09-22,30-09-22,22:45:52,0,0,0,0,0,757,3.6.1,shoe,233,804,898,816,1536,24,864,24,0,0,1536,long,Linux aarch64,HILL,136571,208859,208809
Mozilla,Netscape,"5.0 (X11; CrOS aarch64 14989.85.0) AppleWebKit/537.36 (KHTML, like Gecko) Chrome/105.0.0.0 Safari/537.36",Inc_Nat_Synth,incongruent,1,30-09-22,30-09-22,22:45:52,0,0,0,0,0,757,3.6.1,swamp,233,804,720,816,1536,24,864,24,0,0,1536,long,Linux aarch64,DRILL,136571,210524,210474
Mozilla,Netscape,"5.0 (X11; CrOS aarch64 14989.85.0) AppleWebKit/537.36 (KHTML, like Gecko) Chrome/105.0.0.0 Safari/537.36",Inc_Synth_Nat,incongruent,1,30-09-22,30-09-22,22:45:52,0,0,0,0,0,757,3.6.1,cake,233,804,674,816,1536,24,864,24,0,0,1536,long,Linux aarch64,LAND,136571,212023,211973
Mozilla,Netscape,"5.0 (X11; CrOS aarch64 14989.85.0) AppleWebKit/537.36 (KHTML, like Gecko) Chrome/105.0.0.0 Safari/537.36",Inc_Synth_Nat,incongruent,1,30-09-22,30-09-22,22:45:52,0,0,0,0,0,757,3.6.1,mall,233,804,928,816,1536,24,864,24,0,0,1536,long,Linux aarch64,BUSH,136571,213471,213422
Mozilla,Netscape,"5.0 (X11; CrOS aarch64 14989.85.0) AppleWebKit/537.36 (KHTML, like Gecko) Chrome/105.0.0.0 Safari/537.36",Inc_Nat_Synth,incongruent,1,30-09-22,30-09-22,22:45:52,0,0,0,0,0,757,3.6.1,wheat,233,804,657,816,1536,24,864,24,0,0,1536,long,Linux aarch64,BRICK,136571,215170,215120
Mozilla,Netscape,"5.0 (X11; CrOS aarch64 14989.85.0) AppleWebKit/537.36 (KHTML, like Gecko) Chrome/105.0.0.0 Safari/537.36",Inc_Nat_Synth,incongruent,1,30-09-22,30-09-22,22:45:52,0,0,0,0,0,757,3.6.1,shark,233,804,703,816,1536,24,864,24,0,0,1536,long,Linux aarch64,COUCH,136571,216617,216552
Mozilla,Netscape,"5.0 (X11; CrOS aarch64 14989.85.0) AppleWebKit/537.36 (KHTML, like Gecko) Chrome/105.0.0.0 Safari/537.36",Con_Nat,congruent,1,30-09-22,30-09-22,22:45:52,0,0,0,0,0,757,3.6.1,pear,233,804,603,816,1536,24,864,24,0,0,1536,long,Linux aarch64,PEAR,136571,218084,218035
Mozilla,Netscape,"5.0 (X11; CrOS aarch64 14989.85.0) AppleWebKit/537.36 (KHTML, like Gecko) Chrome/105.0.0.0 Safari/537.36",Con_Nat,congruent,1,30-09-22,30-09-22,22:45:52,0,0,0,0,0,757,3.6.1,crab,233,804,615,816,1536,24,864,24,0,0,1536,long,Linux aarch64,CRAB,136571,219466,219417
Mozilla,Netscape,"5.0 (X11; CrOS aarch64 14989.85.0) AppleWebKit/537.36 (KHTML, like Gecko) Chrome/105.0.0.0 Safari/537.36",Inc_Synth_Nat,incongruent,1,30-09-22,30-09-22,22:45:52,0,0,0,0,0,757,3.6.1,fort,233,804,1391,816,1536,24,864,24,0,0,1536,long,Linux aarch64,GOAT,136571,220831,220782
Mozilla,Netscape,"5.0 (X11; CrOS aarch64 14989.85.0) AppleWebKit/537.36 (KHTML, like Gecko) Chrome/105.0.0.0 Safari/537.36",Con_Synth,congruent,1,30-09-22,30-09-22,22:45:52,0,0,0,0,0,757,3.6.1,ferry,233,804,564,816,1536,24,864,24,0,0,1536,long,Linux aarch64,FERRY,136571,222963,222914
Mozilla,Netscape,"5.0 (X11; CrOS aarch64 14989.85.0) AppleWebKit/537.36 (KHTML, like Gecko) Chrome/105.0.0.0 Safari/537.36",Inc_Nat_Synth,incongruent,1,30-09-22,30-09-22,22:45:52,0,0,0,0,0,757,3.6.1,storm,233,804,781,816,1536,24,864,24,0,0,1536,long,Linux aarch64,CANDY,136571,224296,224246
Mozilla,Netscape,"5.0 (X11; CrOS aarch64 14989.85.0) AppleWebKit/537.36 (KHTML, like Gecko) Chrome/105.0.0.0 Safari/537.36",Inc_Nat_Synth,incongruent,1,30-09-22,30-09-22,22:45:52,0,0,0,0,0,757,3.6.1,lemon,233,804,649,816,1536,24,864,24,0,0,1536,long,Linux aarch64,CABIN,136571,225844,225795
Mozilla,Netscape,"5.0 (X11; CrOS aarch64 14989.85.0) AppleWebKit/537.36 (KHTML, like Gecko) Chrome/105.0.0.0 Safari/537.36",Inc_Synth_Nat,incongruent,1,30-09-22,30-09-22,22:45:52,0,0,0,0,0,757,3.6.1,pipe,233,804,641,816,1536,24,864,24,0,0,1536,long,Linux aarch64,LION,136571,227265,227210
Mozilla,Netscape,5.0 (Windows),practice,practice,1,30-09-22,30-09-22,14:51:08,0,0,0,0,0,754,3.6.1,iweonf,233,803,943,1392,2560,24,1440,24,-8,-8,2560,practice,Win32,BOAT,86161,86229,86195
Mozilla,Netscape,5.0 (Windows),practice,practice,1,30-09-22,30-09-22,14:51:08,0,0,0,0,0,754,3.6.1,abjdhjs,233,803,846,1392,2560,24,1440,24,-8,-8,2560,practice,Win32,HORSE,87758,87828,87792
Mozilla,Netscape,5.0 (Windows),practice,practice,1,30-09-22,30-09-22,14:51:08,0,0,0,0,0,754,3.6.1,nvoiuh,233,803,754,1392,2560,24,1440,24,-8,-8,2560,practice,Win32,HOUSE,89265,89334,89300
Mozilla,Netscape,5.0 (Windows),practice,practice,1,30-09-22,30-09-22,14:51:08,0,0,0,0,0,754,3.6.1,snjghf,233,803,705,1392,2560,24,1440,24,-8,-8,2560,practice,Win32,SHEEP,90681,90751,90717
Mozilla,Netscape,5.0 (Windows),Inc_Synth_Nat,incongruent,0,30-09-22,30-09-22,14:51:08,0,0,0,0,0,754,3.6.1,kiosk,233,803,791,1392,2560,24,1440,24,-8,-8,2560,short,Win32,PETAL,100656,100725,100691
Mozilla,Netscape,5.0 (Windows),Con_Nat,congruent,1,30-09-22,30-09-22,14:51:08,0,0,0,0,0,754,3.6.1,goose,233,803,1276,1392,2560,24,1440,24,-8,-8,2560,short,Win32,GOOSE,102107,102177,102142
Mozilla,Netscape,5.0 (Windows),Con_Nat,congruent,1,30-09-22,30-09-22,14:51:08,0,0,0,0,0,754,3.6.1,daisy,233,803,762,1392,2560,24,1440,24,-8,-8,2560,short,Win32,DAISY,104039,104108,104073
Mozilla,Netscape,5.0 (Windows),Con_Nat,congruent,1,30-09-22,30-09-22,14:51:08,0,0,0,0,0,754,3.6.1,cave,233,803,1201,1392,2560,24,1440,24,-8,-8,2560,short,Win32,CAVE,105456,105526,105490
Mozilla,Netscape,5.0 (Windows),Con_Synth,congruent,1,30-09-22,30-09-22,14:51:08,0,0,0,0,0,754,3.6.1,bike,233,803,591,1392,2560,24,1440,24,-8,-8,2560,short,Win32,BIKE,107323,107393,107359
Mozilla,Netscape,5.0 (Windows),Con_Synth,congruent,1,30-09-22,30-09-22,14:51:08,0,0,0,0,0,754,3.6.1,tower,233,803,708,1392,2560,24,1440,24,-8,-8,2560,short,Win32,TOWER,108574,108644,108609
Mozilla,Netscape,5.0 (Windows),Con_Nat,congruent,1,30-09-22,30-09-22,14:51:08,0,0,0,0,0,754,3.6.1,corn,233,803,774,1392,2560,24,1440,24,-8,-8,2560,short,Win32,CORN,109942,110012,109977
Mozilla,Netscape,5.0 (Windows),Inc_Synth_Nat,incongruent,1,30-09-22,30-09-22,14:51:08,0,0,0,0,0,754,3.6.1,ruler,233,803,1018,1392,2560,24,1440,24,-8,-8,2560,short,Win32,PANSY,111373,111442,111408
Mozilla,Netscape,5.0 (Windows),Con_Nat,congruent,1,30-09-22,30-09-22,14:51:08,0,0,0,0,0,754,3.6.1,frog,233,803,1424,1392,2560,24,1440,24,-8,-8,2560,short,Win32,FROG,113047,113116,113082
Mozilla,Netscape,5.0 (Windows),Inc_Synth_Nat,incongruent,0,30-09-22,30-09-22,14:51:08,0,0,0,0,0,754,3.6.1,ladle,233,803,987,1392,2560,24,1440,24,-8,-8,2560,short,Win32,GULLY,115130,115202,115166
Mozilla,Netscape,5.0 (Windows),Inc_Nat_Synth,incongruent,1,30-09-22,30-09-22,14:51:08,0,0,0,0,0,754,3.6.1,grape,233,803,738,1392,2560,24,1440,24,-8,-8,2560,short,Win32,SHELF,116785,116860,116825
Mozilla,Netscape,5.0 (Windows),Con_Synth,congruent,1,30-09-22,30-09-22,14:51:08,0,0,0,0,0,754,3.6.1,paint,233,803,661,1392,2560,24,1440,24,-8,-8,2560,short,Win32,PAINT,118186,118256,118221
Mozilla,Netscape,5.0 (Windows),Inc_Synth_Nat,incongruent,1,30-09-22,30-09-22,14:51:08,0,0,0,0,0,754,3.6.1,spear,233,803,776,1392,2560,24,1440,24,-8,-8,2560,short,Win32,MOTH,119507,119576,119541
Mozilla,Netscape,5.0 (Windows),Inc_Nat_Synth,incongruent,1,30-09-22,30-09-22,14:51:08,0,0,0,0,0,754,3.6.1,water,233,803,859,1392,2560,24,1440,24,-8,-8,2560,short,Win32,MEDAL,120937,121006,120972
Mozilla,Netscape,5.0 (Windows),Inc_Nat_Synth,incongruent,1,30-09-22,30-09-22,14:51:08,0,0,0,0,0,754,3.6.1,crow,233,803,702,1392,2560,24,1440,24,-8,-8,2560,short,Win32,YACHT,122451,122521,122487
Mozilla,Netscape,5.0 (Windows),Con_Nat,congruent,1,30-09-22,30-09-22,14:51:08,0,0,0,0,0,754,3.6.1,tiger,233,803,742,1392,2560,24,1440,24,-8,-8,2560,short,Win32,TIGER,123813,123882,123847
Mozilla,Netscape,5.0 (Windows),Inc_Nat_Synth,incongruent,1,30-09-22,30-09-22,14:51:08,0,0,0,0,0,754,3.6.1,peach,233,803,822,1392,2560,24,1440,24,-8,-8,2560,short,Win32,SHED,125216,125285,125251
Mozilla,Netscape,5.0 (Windows),Con_Nat,congruent,1,30-09-22,30-09-22,14:51:08,0,0,0,0,0,754,3.6.1,creek,233,803,834,1392,2560,24,1440,24,-8,-8,2560,short,Win32,CREEK,126695,126765,126730
Mozilla,Netscape,5.0 (Windows),Inc_Synth_Nat,incongruent,1,30-09-22,30-09-22,14:51:08,0,0,0,0,0,754,3.6.1,sewer,233,803,1041,1392,2560,24,1440,24,-8,-8,2560,short,Win32,CORAL,128188,128258,128224
Mozilla,Netscape,5.0 (Windows),Inc_Nat_Synth,incongruent,1,30-09-22,30-09-22,14:51:08,0,0,0,0,0,754,3.6.1,leaf,233,803,728,1392,2560,24,1440,24,-8,-8,2560,short,Win32,COIN,129890,129960,129924
Mozilla,Netscape,5.0 (Windows),Inc_Synth_Nat,incongruent,1,30-09-22,30-09-22,14:51:08,0,0,0,0,0,754,3.6.1,harp,233,803,707,1392,2560,24,1440,24,-8,-8,2560,short,Win32,SNAIL,131273,131349,131308
Mozilla,Netscape,5.0 (Windows),Con_Synth,congruent,1,30-09-22,30-09-22,14:51:08,0,0,0,0,0,754,3.6.1,belt,233,803,1149,1392,2560,24,1440,24,-8,-8,2560,short,Win32,BELT,132647,132717,132682
Mozilla,Netscape,5.0 (Windows),Inc_Nat_Synth,incongruent,1,30-09-22,30-09-22,14:51:08,0,0,0,0,0,754,3.6.1,cobra,233,803,738,1392,2560,24,1440,24,-8,-8,2560,short,Win32,RAZOR,134454,134523,134489
Mozilla,Netscape,5.0 (Windows),Inc_Nat_Synth,incongruent,1,30-09-22,30-09-22,14:51:08,0,0,0,0,0,754,3.6.1,melon,233,803,820,1392,2560,24,1440,24,-8,-8,2560,short,Win32,HOSE,135851,135921,135884
Mozilla,Netscape,5.0 (Windows),Con_Nat,congruent,1,30-09-22,30-09-22,14:51:08,0,0,0,0,0,754,3.6.1,seed,233,803,786,1392,2560,24,1440,24,-8,-8,2560,short,Win32,SEED,137336,137405,137371
Mozilla,Netscape,5.0 (Windows),Con_Synth,congruent,1,30-09-22,30-09-22,14:51:08,0,0,0,0,0,754,3.6.1,tank,233,803,850,1392,2560,24,1440,24,-8,-8,2560,short,Win32,TANK,138780,138851,138815
Mozilla,Netscape,5.0 (Windows),Con_Synth,congruent,1,30-09-22,30-09-22,14:51:08,0,0,0,0,0,754,3.6.1,drug,233,803,782,1392,2560,24,1440,24,-8,-8,2560,short,Win32,DRUG,140288,140357,140323
Mozilla,Netscape,5.0 (Windows),Con_Nat,congruent,1,30-09-22,30-09-22,14:51:08,0,0,0,0,0,754,3.6.1,deer,233,803,829,1392,2560,24,1440,24,-8,-8,2560,short,Win32,DEER,141725,141795,141760
Mozilla,Netscape,5.0 (Windows),Con_Nat,congruent,0,30-09-22,30-09-22,14:51:08,0,0,0,0,0,754,3.6.1,puppy,233,803,704,1392,2560,24,1440,24,-8,-8,2560,short,Win32,PUPPY,143213,143282,143247
Mozilla,Netscape,5.0 (Windows),Inc_Synth_Nat,incongruent,1,30-09-22,30-09-22,14:51:08,0,0,0,0,0,754,3.6.1,torch,233,803,1419,1392,2560,24,1440,24,-8,-8,2560,short,Win32,CHIMP,144573,144642,144608
Mozilla,Netscape,5.0 (Windows),Con_Synth,congruent,1,30-09-22,30-09-22,14:51:08,0,0,0,0,0,754,3.6.1,sword,233,803,1278,1392,2560,24,1440,24,-8,-8,2560,short,Win32,SWORD,146651,146719,146685
Mozilla,Netscape,5.0 (Windows),Inc_Synth_Nat,incongruent,1,30-09-22,30-09-22,14:51:08,0,0,0,0,0,754,3.6.1,silo,233,803,1532,1392,2560,24,1440,24,-8,-8,2560,short,Win32,OTTER,148589,148658,148623
Mozilla,Netscape,5.0 (Windows),Inc_Nat_Synth,incongruent,1,30-09-22,30-09-22,14:51:08,0,0,0,0,0,754,3.6.1,fern,233,803,900,1392,2560,24,1440,24,-8,-8,2560,short,Win32,CAFÉ,150778,150853,150818
Mozilla,Netscape,5.0 (Windows),Con_Synth,congruent,1,30-09-22,30-09-22,14:51:08,0,0,0,0,0,754,3.6.1,rope,233,803,783,1392,2560,24,1440,24,-8,-8,2560,short,Win32,ROPE,152339,152408,152373
Mozilla,Netscape,5.0 (Windows),Con_Synth,congruent,1,30-09-22,30-09-22,14:51:08,0,0,0,0,0,754,3.6.1,cable,233,803,1184,1392,2560,24,1440,24,-8,-8,2560,short,Win32,CABLE,153777,153846,153811
Mozilla,Netscape,5.0 (Windows),Con_Nat,congruent,1,30-09-22,30-09-22,14:51:08,0,0,0,0,0,754,3.6.1,grass,233,803,554,1392,2560,24,1440,24,-8,-8,2560,short,Win32,GRASS,155617,155687,155652
Mozilla,Netscape,5.0 (Windows),Inc_Nat_Synth,incongruent,1,30-09-22,30-09-22,14:51:08,0,0,0,0,0,754,3.6.1,lime,233,803,855,1392,2560,24,1440,24,-8,-8,2560,short,Win32,SOFA,156826,156895,156860
Mozilla,Netscape,5.0 (Windows),Con_Synth,congruent,1,30-09-22,30-09-22,14:51:08,0,0,0,0,0,754,3.6.1,toast,233,803,1084,1392,2560,24,1440,24,-8,-8,2560,short,Win32,TOAST,158340,158409,158375
Mozilla,Netscape,5.0 (Windows),Con_Synth,congruent,1,30-09-22,30-09-22,14:51:08,0,0,0,0,0,754,3.6.1,doll,233,803,706,1392,2560,24,1440,24,-8,-8,2560,short,Win32,DOLL,160083,160159,160120
Mozilla,Netscape,5.0 (Windows),Inc_Nat_Synth,incongruent,0,30-09-22,30-09-22,14:51:08,0,0,0,0,0,754,3.6.1,poppy,233,803,1265,1392,2560,24,1440,24,-8,-8,2560,short,Win32,CLOTH,161454,161528,161494
Mozilla,Netscape,5.0 (Windows),Inc_Nat_Synth,incongruent,1,30-09-22,30-09-22,14:51:08,0,0,0,0,0,754,3.6.1,toad,233,803,862,1392,2560,24,1440,24,-8,-8,2560,short,Win32,GLOVE,163382,163452,163417
Mozilla,Netscape,5.0 (Windows),Con_Nat,congruent,1,30-09-22,30-09-22,14:51:08,0,0,0,0,0,754,3.6.1,soil,233,803,1042,1392,2560,24,1440,24,-8,-8,2560,short,Win32,SOIL,164904,164973,164939
Mozilla,Netscape,5.0 (Windows),Inc_Synth_Nat,incongruent,1,30-09-22,30-09-22,14:51:08,0,0,0,0,0,754,3.6.1,patio,233,803,1955,1392,2560,24,1440,24,-8,-8,2560,short,Win32,SLOTH,166605,166675,166639
Mozilla,Netscape,5.0 (Windows),Con_Nat,congruent,1,30-09-22,30-09-22,14:51:08,0,0,0,0,0,754,3.6.1,whale,233,803,703,1392,2560,24,1440,24,-8,-8,2560,short,Win32,WHALE,169244,169313,169278
Mozilla,Netscape,5.0 (Windows),Con_Synth,congruent,1,30-09-22,30-09-22,14:51:08,0,0,0,0,0,754,3.6.1,mail,233,803,990,1392,2560,24,1440,24,-8,-8,2560,short,Win32,MAIL,170605,170675,170641
Mozilla,Netscape,5.0 (Windows),Con_Nat,congruent,1,30-09-22,30-09-22,14:51:08,0,0,0,0,0,754,3.6.1,worm,233,803,929,1392,2560,24,1440,24,-8,-8,2560,short,Win32,WORM,172252,172321,172286
Mozilla,Netscape,5.0 (Windows),Inc_Synth_Nat,incongruent,1,30-09-22,30-09-22,14:51:08,0,0,0,0,0,754,3.6.1,wharf,233,803,891,1392,2560,24,1440,24,-8,-8,2560,short,Win32,TWIG,173836,173905,173871
Mozilla,Netscape,5.0 (Windows),Inc_Nat_Synth,incongruent,1,30-09-22,30-09-22,14:51:08,0,0,0,0,0,754,3.6.1,berry,233,803,827,1392,2560,24,1440,24,-8,-8,2560,short,Win32,PLAZA,175386,175461,175426
Mozilla,Netscape,5.0 (Windows),Inc_Synth_Nat,incongruent,1,30-09-22,30-09-22,14:51:08,0,0,0,0,0,754,3.6.1,spade,233,803,747,1392,2560,24,1440,24,-8,-8,2560,short,Win32,LLAMA,176878,176948,176912
Mozilla,Netscape,5.0 (Windows),Inc_Nat_Synth,incongruent,1,30-09-22,30-09-22,14:51:08,0,0,0,0,0,754,3.6.1,camel,233,803,782,1392,2560,24,1440,24,-8,-8,2560,short,Win32,BENCH,178281,178351,178315
Mozilla,Netscape,5.0 (Windows),Inc_Synth_Nat,incongruent,1,30-09-22,30-09-22,14:51:08,0,0,0,0,0,754,3.6.1,rail,233,803,1314,1392,2560,24,1440,24,-8,-8,2560,short,Win32,SQUID,179720,179795,179760
Mozilla,Netscape,5.0 (Windows),Inc_Nat_Synth,incongruent,1,30-09-22,30-09-22,14:51:08,0,0,0,0,0,754,3.6.1,mice,233,803,710,1392,2560,24,1440,24,-8,-8,2560,short,Win32,TOOLS,181698,181768,181734
Mozilla,Netscape,5.0 (Windows),Con_Synth,congruent,1,30-09-22,30-09-22,14:51:08,0,0,0,0,0,754,3.6.1,gate,233,803,1013,1392,2560,24,1440,24,-8,-8,2560,short,Win32,GATE,183066,183136,183102
Mozilla,Netscape,5.0 (Windows),Inc_Synth_Nat,incongruent,1,30-09-22,30-09-22,14:51:08,0,0,0,0,0,754,3.6.1,rake,233,803,811,1392,2560,24,1440,24,-8,-8,2560,short,Win32,HUSKY,184741,184810,184776
Mozilla,Netscape,5.0 (Windows),Inc_Nat_Synth,incongruent,1,30-09-22,30-09-22,14:51:08,0,0,0,0,0,754,3.6.1,finch,233,803,851,1392,2560,24,1440,24,-8,-8,2560,short,Win32,SPOON,186206,186276,186241
Mozilla,Netscape,5.0 (Windows),Con_Synth,congruent,1,30-09-22,30-09-22,14:51:08,0,0,0,0,0,754,3.6.1,coat,233,803,722,1392,2560,24,1440,24,-8,-8,2560,short,Win32,COAT,187713,187782,187748
Mozilla,Netscape,5.0 (Windows),Inc_Synth_Nat,incongruent,1,30-09-22,30-09-22,14:51:08,0,0,0,0,0,754,3.6.1,arena,233,803,989,1392,2560,24,1440,24,-8,-8,2560,short,Win32,VINE,189096,189164,189130
Mozilla,Netscape,5.0 (Windows),Inc_Synth_Nat,incongruent,0,30-09-22,30-09-22,14:51:08,0,0,0,0,0,754,3.6.1,sash,233,803,1119,1392,2560,24,1440,24,-8,-8,2560,short,Win32,DINGO,190742,190811,190776
Mozilla,Netscape,5.0 (Windows),Con_Nat,congruent,1,30-09-22,30-09-22,14:51:08,0,0,0,0,0,754,3.6.1,hawk,233,803,700,1392,2560,24,1440,24,-8,-8,2560,short,Win32,HAWK,192519,192596,192556
Mozilla,Netscape,5.0 (Windows),Con_Synth,congruent,1,30-09-22,30-09-22,14:51:08,0,0,0,0,0,754,3.6.1,bread,233,803,1122,1392,2560,24,1440,24,-8,-8,2560,short,Win32,BREAD,193881,193952,193915
Mozilla,Netscape,5.0 (Windows),Con_Synth,congruent,1,30-09-22,30-09-22,14:51:08,0,0,0,0,0,754,3.6.1,linen,233,803,820,1392,2560,24,1440,24,-8,-8,2560,long,Win32,LINEN,193881,201216,201181
Mozilla,Netscape,5.0 (Windows),Con_Synth,congruent,1,30-09-22,30-09-22,14:51:08,0,0,0,0,0,754,3.6.1,canon,233,803,605,1392,2560,24,1440,24,-8,-8,2560,long,Win32,CANON,193881,202744,202709
Mozilla,Netscape,5.0 (Windows),Con_Nat,congruent,1,30-09-22,30-09-22,14:51:08,0,0,0,0,0,754,3.6.1,clam,233,803,731,1392,2560,24,1440,24,-8,-8,2560,long,Win32,CLAM,193881,204056,204022
Mozilla,Netscape,5.0 (Windows),Inc_Nat_Synth,incongruent,1,30-09-22,30-09-22,14:51:08,0,0,0,0,0,754,3.6.1,shark,233,803,773,1392,2560,24,1440,24,-8,-8,2560,long,Win32,COUCH,193881,205494,205459
Mozilla,Netscape,5.0 (Windows),Con_Synth,congruent,1,30-09-22,30-09-22,14:51:08,0,0,0,0,0,754,3.6.1,ferry,233,803,645,1392,2560,24,1440,24,-8,-8,2560,long,Win32,FERRY,193881,206973,206939
Mozilla,Netscape,5.0 (Windows),Con_Nat,congruent,1,30-09-22,30-09-22,14:51:08,0,0,0,0,0,754,3.6.1,swan,233,803,722,1392,2560,24,1440,24,-8,-8,2560,long,Win32,SWAN,193881,208328,208293
Mozilla,Netscape,5.0 (Windows),Inc_Synth_Nat,incongruent,1,30-09-22,30-09-22,14:51:08,0,0,0,0,0,754,3.6.1,fort,233,803,829,1392,2560,24,1440,24,-8,-8,2560,long,Win32,GOAT,193881,209759,209724
Mozilla,Netscape,5.0 (Windows),Inc_Synth_Nat,incongruent,1,30-09-22,30-09-22,14:51:08,0,0,0,0,0,754,3.6.1,pipe,233,803,690,1392,2560,24,1440,24,-8,-8,2560,long,Win32,LION,193881,211294,211259
Mozilla,Netscape,5.0 (Windows),Con_Synth,congruent,1,30-09-22,30-09-22,14:51:08,0,0,0,0,0,754,3.6.1,tongs,233,803,979,1392,2560,24,1440,24,-8,-8,2560,long,Win32,TONGS,193881,212692,212655
Mozilla,Netscape,5.0 (Windows),Inc_Synth_Nat,incongruent,1,30-09-22,30-09-22,14:51:08,0,0,0,0,0,754,3.6.1,desk,233,803,712,1392,2560,24,1440,24,-8,-8,2560,long,Win32,TREE,193881,214385,214350
Mozilla,Netscape,5.0 (Windows),Inc_Synth_Nat,incongruent,0,30-09-22,30-09-22,14:51:08,0,0,0,0,0,754,3.6.1,sink,233,803,2008,1392,2560,24,1440,24,-8,-8,2560,long,Win32,LAMB,193881,215808,215769
Mozilla,Netscape,5.0 (Windows),Inc_Synth_Nat,incongruent,1,30-09-22,30-09-22,14:51:08,0,0,0,0,0,754,3.6.1,roof,233,803,816,1392,2560,24,1440,24,-8,-8,2560,long,Win32,ROSE,193881,218518,218482
Mozilla,Netscape,5.0 (Windows),Inc_Nat_Synth,incongruent,1,30-09-22,30-09-22,14:51:08,0,0,0,0,0,754,3.6.1,bunny,233,803,1021,1392,2560,24,1440,24,-8,-8,2560,long,Win32,PIANO,193881,220039,220004
Mozilla,Netscape,5.0 (Windows),Inc_Synth_Nat,incongruent,1,30-09-22,30-09-22,14:51:08,0,0,0,0,0,754,3.6.1,taxi,233,803,1322,1392,2560,24,1440,24,-8,-8,2560,long,Win32,DIRT,193881,221768,221734
Mozilla,Netscape,5.0 (Windows),Inc_Synth_Nat,incongruent,1,30-09-22,30-09-22,14:51:08,0,0,0,0,0,754,3.6.1,barn,233,803,1026,1392,2560,24,1440,24,-8,-8,2560,long,Win32,TUNA,193881,223797,223762
Mozilla,Netscape,5.0 (Windows),Con_Nat,congruent,1,30-09-22,30-09-22,14:51:08,0,0,0,0,0,754,3.6.1,peas,233,803,926,1392,2560,24,1440,24,-8,-8,2560,long,Win32,PEAS,193881,225525,225491
Mozilla,Netscape,5.0 (Windows),Con_Nat,congruent,1,30-09-22,30-09-22,14:51:08,0,0,0,0,0,754,3.6.1,pear,233,803,1048,1392,2560,24,1440,24,-8,-8,2560,long,Win32,PEAR,193881,227158,227124
Mozilla,Netscape,5.0 (Windows),Inc_Nat_Synth,incongruent,1,30-09-22,30-09-22,14:51:08,0,0,0,0,0,754,3.6.1,moose,233,803,811,1392,2560,24,1440,24,-8,-8,2560,long,Win32,PORCH,193881,228916,228880
Mozilla,Netscape,5.0 (Windows),Con_Synth,congruent,1,30-09-22,30-09-22,14:51:08,0,0,0,0,0,754,3.6.1,crate,233,803,832,1392,2560,24,1440,24,-8,-8,2560,long,Win32,CRATE,193881,230437,230403
Mozilla,Netscape,5.0 (Windows),Inc_Nat_Synth,incongruent,1,30-09-22,30-09-22,14:51:08,0,0,0,0,0,754,3.6.1,eagle,233,803,795,1392,2560,24,1440,24,-8,-8,2560,long,Win32,WAGON,193881,231964,231930
Mozilla,Netscape,5.0 (Windows),Inc_Synth_Nat,incongruent,1,30-09-22,30-09-22,14:51:08,0,0,0,0,0,754,3.6.1,shoe,233,803,838,1392,2560,24,1440,24,-8,-8,2560,long,Win32,HILL,193881,233465,233430
Mozilla,Netscape,5.0 (Windows),Inc_Synth_Nat,incongruent,1,30-09-22,30-09-22,14:51:08,0,0,0,0,0,754,3.6.1,wire,233,803,909,1392,2560,24,1440,24,-8,-8,2560,long,Win32,BULL,193881,235007,234972
Mozilla,Netscape,5.0 (Windows),Con_Nat,congruent,1,30-09-22,30-09-22,14:51:08,0,0,0,0,0,754,3.6.1,slug,233,803,765,1392,2560,24,1440,24,-8,-8,2560,long,Win32,SLUG,193881,236618,236584
Mozilla,Netscape,5.0 (Windows),Inc_Synth_Nat,incongruent,1,30-09-22,30-09-22,14:51:08,0,0,0,0,0,754,3.6.1,mall,233,803,1195,1392,2560,24,1440,24,-8,-8,2560,long,Win32,BUSH,193881,238090,238055
Mozilla,Netscape,5.0 (Windows),Inc_Nat_Synth,incongruent,1,30-09-22,30-09-22,14:51:08,0,0,0,0,0,754,3.6.1,wheat,233,803,1305,1392,2560,24,1440,24,-8,-8,2560,long,Win32,BRICK,193881,239994,239959
Mozilla,Netscape,5.0 (Windows),Con_Synth,congruent,1,30-09-22,30-09-22,14:51:08,0,0,0,0,0,754,3.6.1,stair,233,803,940,1392,2560,24,1440,24,-8,-8,2560,long,Win32,STAIR,193881,242008,241973
Mozilla,Netscape,5.0 (Windows),Con_Nat,congruent,1,30-09-22,30-09-22,14:51:08,0,0,0,0,0,754,3.6.1,earth,233,803,720,1392,2560,24,1440,24,-8,-8,2560,long,Win32,EARTH,193881,243661,243621
Mozilla,Netscape,5.0 (Windows),Con_Nat,congruent,1,30-09-22,30-09-22,14:51:08,0,0,0,0,0,754,3.6.1,wasp,233,803,1253,1392,2560,24,1440,24,-8,-8,2560,long,Win32,WASP,193881,245078,245043
Mozilla,Netscape,5.0 (Windows),Con_Nat,congruent,1,30-09-22,30-09-22,14:51:08,0,0,0,0,0,754,3.6.1,hare,233,803,962,1392,2560,24,1440,24,-8,-8,2560,long,Win32,HARE,193881,247038,247002
Mozilla,Netscape,5.0 (Windows),Inc_Nat_Synth,incongruent,1,30-09-22,30-09-22,14:51:08,0,0,0,0,0,754,3.6.1,ocean,233,803,768,1392,2560,24,1440,24,-8,-8,2560,long,Win32,WHEEL,193881,248711,248676
Mozilla,Netscape,5.0 (Windows),Con_Synth,congruent,1,30-09-22,30-09-22,14:51:08,0,0,0,0,0,754,3.6.1,flask,233,803,952,1392,2560,24,1440,24,-8,-8,2560,long,Win32,FLASK,193881,250183,250148
Mozilla,Netscape,5.0 (Windows),Con_Nat,congruent,1,30-09-22,30-09-22,14:51:08,0,0,0,0,0,754,3.6.1,reef,233,803,857,1392,2560,24,1440,24,-8,-8,2560,long,Win32,REEF,193881,251843,251808
Mozilla,Netscape,5.0 (Windows),Con_Synth,congruent,1,30-09-22,30-09-22,14:51:08,0,0,0,0,0,754,3.6.1,scarf,233,803,786,1392,2560,24,1440,24,-8,-8,2560,long,Win32,SCARF,193881,253406,253371
Mozilla,Netscape,5.0 (Windows),Inc_Synth_Nat,incongruent,1,30-09-22,30-09-22,14:51:08,0,0,0,0,0,754,3.6.1,deck,233,803,692,1392,2560,24,1440,24,-8,-8,2560,long,Win32,DUCK,193881,254899,254864
Mozilla,Netscape,5.0 (Windows),Inc_Nat_Synth,incongruent,0,30-09-22,30-09-22,14:51:08,0,0,0,0,0,754,3.6.1,storm,233,803,853,1392,2560,24,1440,24,-8,-8,2560,long,Win32,CANDY,193881,256295,256261
Mozilla,Netscape,5.0 (Windows),Inc_Nat_Synth,incongruent,1,30-09-22,30-09-22,14:51:08,0,0,0,0,0,754,3.6.1,swamp,233,803,1270,1392,2560,24,1440,24,-8,-8,2560,long,Win32,DRILL,193881,257858,257824
Mozilla,Netscape,5.0 (Windows),Inc_Nat_Synth,incongruent,1,30-09-22,30-09-22,14:51:08,0,0,0,0,0,754,3.6.1,sheep,233,803,993,1392,2560,24,1440,24,-8,-8,2560,long,Win32,TRASH,193881,259831,259796
Mozilla,Netscape,5.0 (Windows),Inc_Synth_Nat,incongruent,1,30-09-22,30-09-22,14:51:08,0,0,0,0,0,754,3.6.1,soap,233,803,791,1392,2560,24,1440,24,-8,-8,2560,long,Win32,PONY,193881,261525,261491
Mozilla,Netscape,5.0 (Windows),Inc_Nat_Synth,incongruent,1,30-09-22,30-09-22,14:51:08,0,0,0,0,0,754,3.6.1,fruit,233,803,1142,1392,2560,24,1440,24,-8,-8,2560,long,Win32,PLATE,193881,263019,262984
Mozilla,Netscape,5.0 (Windows),Inc_Nat_Synth,incongruent,1,30-09-22,30-09-22,14:51:08,0,0,0,0,0,754,3.6.1,olive,233,803,661,1392,2560,24,1440,24,-8,-8,2560,long,Win32,MOTOR,193881,264866,264832
Mozilla,Netscape,5.0 (Windows),Inc_Nat_Synth,incongruent,1,30-09-22,30-09-22,14:51:08,0,0,0,0,0,754,3.6.1,lemon,233,803,833,1392,2560,24,1440,24,-8,-8,2560,long,Win32,CABIN,193881,266234,266200
Mozilla,Netscape,5.0 (Windows),Inc_Nat_Synth,incongruent,1,30-09-22,30-09-22,14:51:08,0,0,0,0,0,754,3.6.1,shell,233,803,1521,1392,2560,24,1440,24,-8,-8,2560,long,Win32,CHAIN,193881,267776,267742
Mozilla,Netscape,5.0 (Windows),Inc_Nat_Synth,incongruent,1,30-09-22,30-09-22,14:51:08,0,0,0,0,0,754,3.6.1,flood,233,803,932,1392,2560,24,1440,24,-8,-8,2560,long,Win32,SKIRT,193881,270006,269972
Mozilla,Netscape,5.0 (Windows),Con_Synth,congruent,1,30-09-22,30-09-22,14:51:08,0,0,0,0,0,754,3.6.1,apron,233,803,718,1392,2560,24,1440,24,-8,-8,2560,long,Win32,APRON,193881,271646,271610
Mozilla,Netscape,5.0 (Windows),Con_Nat,congruent,0,30-09-22,30-09-22,14:51:08,0,0,0,0,0,754,3.6.1,stick,233,803,597,1392,2560,24,1440,24,-8,-8,2560,long,Win32,STICK,193881,273069,273035
Mozilla,Netscape,5.0 (Windows),Inc_Nat_Synth,incongruent,1,30-09-22,30-09-22,14:51:08,0,0,0,0,0,754,3.6.1,cloud,233,803,953,1392,2560,24,1440,24,-8,-8,2560,long,Win32,MOTEL,193881,274375,274341
Mozilla,Netscape,5.0 (Windows),Con_Synth,congruent,1,30-09-22,30-09-22,14:51:08,0,0,0,0,0,754,3.6.1,stove,233,803,1622,1392,2560,24,1440,24,-8,-8,2560,long,Win32,STOVE,193881,276035,276001
Mozilla,Netscape,5.0 (Windows),Con_Nat,congruent,1,30-09-22,30-09-22,14:51:08,0,0,0,0,0,754,3.6.1,stone,233,803,747,1392,2560,24,1440,24,-8,-8,2560,long,Win32,STONE,193881,278362,278328
Mozilla,Netscape,5.0 (Windows),Con_Nat,congruent,1,30-09-22,30-09-22,14:51:08,0,0,0,0,0,754,3.6.1,moss,233,803,923,1392,2560,24,1440,24,-8,-8,2560,long,Win32,MOSS,193881,279813,279778
Mozilla,Netscape,5.0 (Windows),Con_Synth,congruent,1,30-09-22,30-09-22,14:51:08,0,0,0,0,0,754,3.6.1,arrow,233,803,990,1392,2560,24,1440,24,-8,-8,2560,long,Win32,ARROW,193881,281439,281404
Mozilla,Netscape,5.0 (Windows),Con_Synth,congruent,1,30-09-22,30-09-22,14:51:08,0,0,0,0,0,754,3.6.1,broom,233,803,879,1392,2560,24,1440,24,-8,-8,2560,long,Win32,BROOM,193881,283134,283098
Mozilla,Netscape,5.0 (Windows),Inc_Synth_Nat,incongruent,1,30-09-22,30-09-22,14:51:08,0,0,0,0,0,754,3.6.1,cake,233,803,807,1392,2560,24,1440,24,-8,-8,2560,long,Win32,LAND,193881,284719,284682
Mozilla,Netscape,5.0 (Windows),Con_Synth,congruent,1,30-09-22,30-09-22,14:51:08,0,0,0,0,0,754,3.6.1,flute,233,803,762,1392,2560,24,1440,24,-8,-8,2560,long,Win32,FLUTE,193881,286245,286205
Mozilla,Netscape,5.0 (Windows),Con_Nat,congruent,1,30-09-22,30-09-22,14:51:08,0,0,0,0,0,754,3.6.1,plum,233,803,1102,1392,2560,24,1440,24,-8,-8,2560,long,Win32,PLUM,193881,287711,287676
Mozilla,Netscape,5.0 (Windows),Inc_Synth_Nat,incongruent,1,30-09-22,30-09-22,14:51:08,0,0,0,0,0,754,3.6.1,bell,233,803,860,1392,2560,24,1440,24,-8,-8,2560,long,Win32,BEAR,193881,289516,289482
Mozilla,Netscape,5.0 (Windows),Inc_Synth_Nat,incongruent,1,30-09-22,30-09-22,14:51:08,0,0,0,0,0,754,3.6.1,bowl,233,803,821,1392,2560,24,1440,24,-8,-8,2560,long,Win32,WOLF,193881,291079,291045
Mozilla,Netscape,5.0 (Windows),Con_Nat,congruent,1,30-09-22,30-09-22,14:51:08,0,0,0,0,0,754,3.6.1,crab,233,803,1659,1392,2560,24,1440,24,-8,-8,2560,long,Win32,CRAB,193881,292602,292566
Mozilla,Netscape,5.0 (Windows),Con_Synth,congruent,1,30-09-22,30-09-22,14:51:08,0,0,0,0,0,754,3.6.1,canoe,233,803,1024,1392,2560,24,1440,24,-8,-8,2560,long,Win32,CANOE,193881,294976,294942
Mozilla,Netscape,5.0 (Windows),Con_Nat,congruent,1,30-09-22,30-09-22,14:51:08,0,0,0,0,0,754,3.6.1,boar,233,803,1316,1392,2560,24,1440,24,-8,-8,2560,long,Win32,BOAR,193881,296706,296671
Mozilla,Netscape,5.0 (Windows),Con_Synth,congruent,1,30-09-22,30-09-22,14:51:08,0,0,0,0,0,754,3.6.1,jeans,233,803,824,1392,2560,24,1440,24,-8,-8,2560,long,Win32,JEANS,193881,298726,298692
Mozilla,Netscape,"5.0 (Macintosh; Intel Mac OS X 10_15_7) AppleWebKit/537.36 (KHTML, like Gecko) Chrome/105.0.0.0 Safari/537.36",practice,practice,1,28-09-22,28-09-22,11:41:14,0,0,0,0,0,751,3.6.1,nvoiuh,233,803,1472,900,1440,30,900,30,0,0,1440,practice,MacIntel,HOUSE,8193878,8193962,8193912
Mozilla,Netscape,"5.0 (Macintosh; Intel Mac OS X 10_15_7) AppleWebKit/537.36 (KHTML, like Gecko) Chrome/105.0.0.0 Safari/537.36",practice,practice,1,28-09-22,28-09-22,11:41:14,0,0,0,0,0,751,3.6.1,iweonf,233,803,921,900,1440,30,900,30,0,0,1440,practice,MacIntel,BOAT,8196046,8196129,8196095
Mozilla,Netscape,"5.0 (Macintosh; Intel Mac OS X 10_15_7) AppleWebKit/537.36 (KHTML, like Gecko) Chrome/105.0.0.0 Safari/537.36",practice,practice,1,28-09-22,28-09-22,11:41:14,0,0,0,0,0,751,3.6.1,snjghf,233,803,881,900,1440,30,900,30,0,0,1440,practice,MacIntel,SHEEP,8197661,8197745,8197695
Mozilla,Netscape,"5.0 (Macintosh; Intel Mac OS X 10_15_7) AppleWebKit/537.36 (KHTML, like Gecko) Chrome/105.0.0.0 Safari/537.36",practice,practice,1,28-09-22,28-09-22,11:41:14,0,0,0,0,0,751,3.6.1,abjdhjs,233,803,653,900,1440,30,900,30,0,0,1440,practice,MacIntel,HORSE,8199228,8199312,8199262
Mozilla,Netscape,"5.0 (Macintosh; Intel Mac OS X 10_15_7) AppleWebKit/537.36 (KHTML, like Gecko) Chrome/105.0.0.0 Safari/537.36",Con_Nat,congruent,1,28-09-22,28-09-22,11:41:14,0,0,0,0,0,751,3.6.1,goose,233,803,637,900,1440,30,900,30,0,0,1440,short,MacIntel,GOOSE,8202794,8202862,8202828
Mozilla,Netscape,"5.0 (Macintosh; Intel Mac OS X 10_15_7) AppleWebKit/537.36 (KHTML, like Gecko) Chrome/105.0.0.0 Safari/537.36",Inc_Synth_Nat,incongruent,1,28-09-22,28-09-22,11:41:14,0,0,0,0,0,751,3.6.1,wharf,233,803,759,900,1440,30,900,30,0,0,1440,short,MacIntel,TWIG,8204111,8204179,8204145
Mozilla,Netscape,"5.0 (Macintosh; Intel Mac OS X 10_15_7) AppleWebKit/537.36 (KHTML, like Gecko) Chrome/105.0.0.0 Safari/537.36",Inc_Synth_Nat,incongruent,1,28-09-22,28-09-22,11:41:14,0,0,0,0,0,751,3.6.1,spear,233,803,751,900,1440,30,900,30,0,0,1440,short,MacIntel,MOTH,8205545,8205629,8205594
Mozilla,Netscape,"5.0 (Macintosh; Intel Mac OS X 10_15_7) AppleWebKit/537.36 (KHTML, like Gecko) Chrome/105.0.0.0 Safari/537.36",Con_Synth,congruent,1,28-09-22,28-09-22,11:41:14,0,0,0,0,0,751,3.6.1,tank,233,803,670,900,1440,30,900,30,0,0,1440,short,MacIntel,TANK,8206995,8207078,8207044
Mozilla,Netscape,"5.0 (Macintosh; Intel Mac OS X 10_15_7) AppleWebKit/537.36 (KHTML, like Gecko) Chrome/105.0.0.0 Safari/537.36",Con_Nat,congruent,1,28-09-22,28-09-22,11:41:14,0,0,0,0,0,751,3.6.1,tiger,233,803,636,900,1440,30,900,30,0,0,1440,short,MacIntel,TIGER,8208344,8208412,8208378
Mozilla,Netscape,"5.0 (Macintosh; Intel Mac OS X 10_15_7) AppleWebKit/537.36 (KHTML, like Gecko) Chrome/105.0.0.0 Safari/537.36",Inc_Synth_Nat,incongruent,1,28-09-22,28-09-22,11:41:14,0,0,0,0,0,751,3.6.1,rail,233,803,678,900,1440,30,900,30,0,0,1440,short,MacIntel,SQUID,8209661,8209745,8209695
Mozilla,Netscape,"5.0 (Macintosh; Intel Mac OS X 10_15_7) AppleWebKit/537.36 (KHTML, like Gecko) Chrome/105.0.0.0 Safari/537.36",Inc_Nat_Synth,incongruent,1,28-09-22,28-09-22,11:41:14,0,0,0,0,0,751,3.6.1,cobra,233,803,790,900,1440,30,900,30,0,0,1440,short,MacIntel,RAZOR,8211012,8211095,8211061
Mozilla,Netscape,"5.0 (Macintosh; Intel Mac OS X 10_15_7) AppleWebKit/537.36 (KHTML, like Gecko) Chrome/105.0.0.0 Safari/537.36",Con_Synth,congruent,1,28-09-22,28-09-22,11:41:14,0,0,0,0,0,751,3.6.1,tower,233,803,682,900,1440,30,900,30,0,0,1440,short,MacIntel,TOWER,8212494,8212579,8212529
Mozilla,Netscape,"5.0 (Macintosh; Intel Mac OS X 10_15_7) AppleWebKit/537.36 (KHTML, like Gecko) Chrome/105.0.0.0 Safari/537.36",Inc_Nat_Synth,incongruent,1,28-09-22,28-09-22,11:41:14,0,0,0,0,0,751,3.6.1,leaf,233,803,1157,900,1440,30,900,30,0,0,1440,short,MacIntel,COIN,8213861,8213961,8213912
Mozilla,Netscape,"5.0 (Macintosh; Intel Mac OS X 10_15_7) AppleWebKit/537.36 (KHTML, like Gecko) Chrome/105.0.0.0 Safari/537.36",Con_Synth,congruent,1,28-09-22,28-09-22,11:41:14,0,0,0,0,0,751,3.6.1,mail,233,803,820,900,1440,30,900,30,0,0,1440,short,MacIntel,MAIL,8215711,8215779,8215745
Mozilla,Netscape,"5.0 (Macintosh; Intel Mac OS X 10_15_7) AppleWebKit/537.36 (KHTML, like Gecko) Chrome/105.0.0.0 Safari/537.36",Inc_Synth_Nat,incongruent,1,28-09-22,28-09-22,11:41:14,0,0,0,0,0,751,3.6.1,harp,233,803,542,900,1440,30,900,30,0,0,1440,short,MacIntel,SNAIL,8217212,8217311,8217262
Mozilla,Netscape,"5.0 (Macintosh; Intel Mac OS X 10_15_7) AppleWebKit/537.36 (KHTML, like Gecko) Chrome/105.0.0.0 Safari/537.36",Con_Nat,congruent,1,28-09-22,28-09-22,11:41:14,0,0,0,0,0,751,3.6.1,soil,233,803,747,900,1440,30,900,30,0,0,1440,short,MacIntel,SOIL,8218445,8218529,8218494
Mozilla,Netscape,"5.0 (Macintosh; Intel Mac OS X 10_15_7) AppleWebKit/537.36 (KHTML, like Gecko) Chrome/105.0.0.0 Safari/537.36",Con_Synth,congruent,1,28-09-22,28-09-22,11:41:14,0,0,0,0,0,751,3.6.1,bike,233,803,794,900,1440,30,900,30,0,0,1440,short,MacIntel,BIKE,8219878,8219962,8219928
Mozilla,Netscape,"5.0 (Macintosh; Intel Mac OS X 10_15_7) AppleWebKit/537.36 (KHTML, like Gecko) Chrome/105.0.0.0 Safari/537.36",Con_Synth,congruent,1,28-09-22,28-09-22,11:41:14,0,0,0,0,0,751,3.6.1,sword,233,803,756,900,1440,30,900,30,0,0,1440,short,MacIntel,SWORD,8221362,8221445,8221411
Mozilla,Netscape,"5.0 (Macintosh; Intel Mac OS X 10_15_7) AppleWebKit/537.36 (KHTML, like Gecko) Chrome/105.0.0.0 Safari/537.36",Inc_Nat_Synth,incongruent,1,28-09-22,28-09-22,11:41:14,0,0,0,0,0,751,3.6.1,fern,233,803,816,900,1440,30,900,30,0,0,1440,short,MacIntel,CAFÉ,8222811,8222879,8222845
Mozilla,Netscape,"5.0 (Macintosh; Intel Mac OS X 10_15_7) AppleWebKit/537.36 (KHTML, like Gecko) Chrome/105.0.0.0 Safari/537.36",Con_Nat,congruent,1,28-09-22,28-09-22,11:41:14,0,0,0,0,0,751,3.6.1,corn,233,803,794,900,1440,30,900,30,0,0,1440,short,MacIntel,CORN,8224311,8224379,8224345
Mozilla,Netscape,"5.0 (Macintosh; Intel Mac OS X 10_15_7) AppleWebKit/537.36 (KHTML, like Gecko) Chrome/105.0.0.0 Safari/537.36",Inc_Nat_Synth,incongruent,1,28-09-22,28-09-22,11:41:14,0,0,0,0,0,751,3.6.1,lime,233,803,665,900,1440,30,900,30,0,0,1440,short,MacIntel,SOFA,8225778,8225862,8225812
Mozilla,Netscape,"5.0 (Macintosh; Intel Mac OS X 10_15_7) AppleWebKit/537.36 (KHTML, like Gecko) Chrome/105.0.0.0 Safari/537.36",Con_Synth,congruent,1,28-09-22,28-09-22,11:41:14,0,0,0,0,0,751,3.6.1,belt,233,803,644,900,1440,30,900,30,0,0,1440,short,MacIntel,BELT,8227128,8227229,8227179
Mozilla,Netscape,"5.0 (Macintosh; Intel Mac OS X 10_15_7) AppleWebKit/537.36 (KHTML, like Gecko) Chrome/105.0.0.0 Safari/537.36",Inc_Nat_Synth,incongruent,1,28-09-22,28-09-22,11:41:14,0,0,0,0,0,751,3.6.1,crow,233,803,797,900,1440,30,900,30,0,0,1440,short,MacIntel,YACHT,8228478,8228546,8228512
Mozilla,Netscape,"5.0 (Macintosh; Intel Mac OS X 10_15_7) AppleWebKit/537.36 (KHTML, like Gecko) Chrome/105.0.0.0 Safari/537.36",Inc_Synth_Nat,incongruent,1,28-09-22,28-09-22,11:41:14,0,0,0,0,0,751,3.6.1,patio,233,803,721,900,1440,30,900,30,0,0,1440,short,MacIntel,SLOTH,8229945,8230029,8229994
Mozilla,Netscape,"5.0 (Macintosh; Intel Mac OS X 10_15_7) AppleWebKit/537.36 (KHTML, like Gecko) Chrome/105.0.0.0 Safari/537.36",Con_Nat,congruent,1,28-09-22,28-09-22,11:41:14,0,0,0,0,0,751,3.6.1,grass,233,803,673,900,1440,30,900,30,0,0,1440,short,MacIntel,GRASS,8231362,8231461,8231412
Mozilla,Netscape,"5.0 (Macintosh; Intel Mac OS X 10_15_7) AppleWebKit/537.36 (KHTML, like Gecko) Chrome/105.0.0.0 Safari/537.36",Inc_Nat_Synth,incongruent,1,28-09-22,28-09-22,11:41:14,0,0,0,0,0,751,3.6.1,camel,233,803,690,900,1440,30,900,30,0,0,1440,short,MacIntel,BENCH,8232728,8232812,8232762
Mozilla,Netscape,"5.0 (Macintosh; Intel Mac OS X 10_15_7) AppleWebKit/537.36 (KHTML, like Gecko) Chrome/105.0.0.0 Safari/537.36",Con_Synth,congruent,1,28-09-22,28-09-22,11:41:14,0,0,0,0,0,751,3.6.1,gate,233,803,871,900,1440,30,900,30,0,0,1440,short,MacIntel,GATE,8234111,8234195,8234145
Mozilla,Netscape,"5.0 (Macintosh; Intel Mac OS X 10_15_7) AppleWebKit/537.36 (KHTML, like Gecko) Chrome/105.0.0.0 Safari/537.36",Con_Nat,congruent,1,28-09-22,28-09-22,11:41:14,0,0,0,0,0,751,3.6.1,worm,233,803,558,900,1440,30,900,30,0,0,1440,short,MacIntel,WORM,8235678,8235762,8235712
Mozilla,Netscape,"5.0 (Macintosh; Intel Mac OS X 10_15_7) AppleWebKit/537.36 (KHTML, like Gecko) Chrome/105.0.0.0 Safari/537.36",Con_Nat,congruent,1,28-09-22,28-09-22,11:41:14,0,0,0,0,0,751,3.6.1,cave,233,803,725,900,1440,30,900,30,0,0,1440,short,MacIntel,CAVE,8236929,8237012,8236978
Mozilla,Netscape,"5.0 (Macintosh; Intel Mac OS X 10_15_7) AppleWebKit/537.36 (KHTML, like Gecko) Chrome/105.0.0.0 Safari/537.36",Con_Synth,congruent,1,28-09-22,28-09-22,11:41:14,0,0,0,0,0,751,3.6.1,toast,233,803,737,900,1440,30,900,30,0,0,1440,short,MacIntel,TOAST,8238345,8238429,8238379
Mozilla,Netscape,"5.0 (Macintosh; Intel Mac OS X 10_15_7) AppleWebKit/537.36 (KHTML, like Gecko) Chrome/105.0.0.0 Safari/537.36",Con_Nat,congruent,1,28-09-22,28-09-22,11:41:14,0,0,0,0,0,751,3.6.1,whale,233,803,622,900,1440,30,900,30,0,0,1440,short,MacIntel,WHALE,8239778,8239862,8239812
Mozilla,Netscape,"5.0 (Macintosh; Intel Mac OS X 10_15_7) AppleWebKit/537.36 (KHTML, like Gecko) Chrome/105.0.0.0 Safari/537.36",Con_Nat,congruent,1,28-09-22,28-09-22,11:41:14,0,0,0,0,0,751,3.6.1,creek,233,803,786,900,1440,30,900,30,0,0,1440,short,MacIntel,CREEK,8241094,8241178,8241128
Mozilla,Netscape,"5.0 (Macintosh; Intel Mac OS X 10_15_7) AppleWebKit/537.36 (KHTML, like Gecko) Chrome/105.0.0.0 Safari/537.36",Con_Synth,congruent,0,28-09-22,28-09-22,11:41:14,0,0,0,0,0,751,3.6.1,drug,233,803,675,900,1440,30,900,30,0,0,1440,short,MacIntel,DRUG,8242562,8242644,8242611
Mozilla,Netscape,"5.0 (Macintosh; Intel Mac OS X 10_15_7) AppleWebKit/537.36 (KHTML, like Gecko) Chrome/105.0.0.0 Safari/537.36",Inc_Nat_Synth,incongruent,1,28-09-22,28-09-22,11:41:14,0,0,0,0,0,751,3.6.1,berry,233,803,1087,900,1440,30,900,30,0,0,1440,short,MacIntel,PLAZA,8243911,8243995,8243945
Mozilla,Netscape,"5.0 (Macintosh; Intel Mac OS X 10_15_7) AppleWebKit/537.36 (KHTML, like Gecko) Chrome/105.0.0.0 Safari/537.36",Inc_Nat_Synth,incongruent,1,28-09-22,28-09-22,11:41:14,0,0,0,0,0,751,3.6.1,mice,233,803,743,900,1440,30,900,30,0,0,1440,short,MacIntel,TOOLS,8245695,8245779,8245729
Mozilla,Netscape,"5.0 (Macintosh; Intel Mac OS X 10_15_7) AppleWebKit/537.36 (KHTML, like Gecko) Chrome/105.0.0.0 Safari/537.36",Inc_Synth_Nat,incongruent,1,28-09-22,28-09-22,11:41:14,0,0,0,0,0,751,3.6.1,kiosk,233,803,760,900,1440,30,900,30,0,0,1440,short,MacIntel,PETAL,8247129,8247229,8247179
Mozilla,Netscape,"5.0 (Macintosh; Intel Mac OS X 10_15_7) AppleWebKit/537.36 (KHTML, like Gecko) Chrome/105.0.0.0 Safari/537.36",Con_Nat,congruent,1,28-09-22,28-09-22,11:41:14,0,0,0,0,0,751,3.6.1,daisy,233,803,603,900,1440,30,900,30,0,0,1440,short,MacIntel,DAISY,8248595,8248678,8248629
Mozilla,Netscape,"5.0 (Macintosh; Intel Mac OS X 10_15_7) AppleWebKit/537.36 (KHTML, like Gecko) Chrome/105.0.0.0 Safari/537.36",Con_Synth,congruent,1,28-09-22,28-09-22,11:41:14,0,0,0,0,0,751,3.6.1,paint,233,803,875,900,1440,30,900,30,0,0,1440,short,MacIntel,PAINT,8249878,8249961,8249912
Mozilla,Netscape,"5.0 (Macintosh; Intel Mac OS X 10_15_7) AppleWebKit/537.36 (KHTML, like Gecko) Chrome/105.0.0.0 Safari/537.36",Inc_Synth_Nat,incongruent,1,28-09-22,28-09-22,11:41:14,0,0,0,0,0,751,3.6.1,silo,233,803,1490,900,1440,30,900,30,0,0,1440,short,MacIntel,OTTER,8251428,8251512,8251462
Mozilla,Netscape,"5.0 (Macintosh; Intel Mac OS X 10_15_7) AppleWebKit/537.36 (KHTML, like Gecko) Chrome/105.0.0.0 Safari/537.36",Inc_Nat_Synth,incongruent,0,28-09-22,28-09-22,11:41:14,0,0,0,0,0,751,3.6.1,melon,233,803,632,900,1440,30,900,30,0,0,1440,short,MacIntel,HOSE,8253611,8253695,8253645
Mozilla,Netscape,"5.0 (Macintosh; Intel Mac OS X 10_15_7) AppleWebKit/537.36 (KHTML, like Gecko) Chrome/105.0.0.0 Safari/537.36",Con_Nat,congruent,1,28-09-22,28-09-22,11:41:14,0,0,0,0,0,751,3.6.1,frog,233,803,654,900,1440,30,900,30,0,0,1440,short,MacIntel,FROG,8254928,8255012,8254977
Mozilla,Netscape,"5.0 (Macintosh; Intel Mac OS X 10_15_7) AppleWebKit/537.36 (KHTML, like Gecko) Chrome/105.0.0.0 Safari/537.36",Inc_Synth_Nat,incongruent,1,28-09-22,28-09-22,11:41:14,0,0,0,0,0,751,3.6.1,sash,233,803,824,900,1440,30,900,30,0,0,1440,short,MacIntel,DINGO,8256277,8256345,8256311
Mozilla,Netscape,"5.0 (Macintosh; Intel Mac OS X 10_15_7) AppleWebKit/537.36 (KHTML, like Gecko) Chrome/105.0.0.0 Safari/537.36",Inc_Synth_Nat,incongruent,1,28-09-22,28-09-22,11:41:14,0,0,0,0,0,751,3.6.1,ladle,233,803,773,900,1440,30,900,30,0,0,1440,short,MacIntel,GULLY,8257762,8257846,8257812
Mozilla,Netscape,"5.0 (Macintosh; Intel Mac OS X 10_15_7) AppleWebKit/537.36 (KHTML, like Gecko) Chrome/105.0.0.0 Safari/537.36",Con_Nat,congruent,1,28-09-22,28-09-22,11:41:14,0,0,0,0,0,751,3.6.1,puppy,233,803,571,900,1440,30,900,30,0,0,1440,short,MacIntel,PUPPY,8259228,8259296,8259262
Mozilla,Netscape,"5.0 (Macintosh; Intel Mac OS X 10_15_7) AppleWebKit/537.36 (KHTML, like Gecko) Chrome/105.0.0.0 Safari/537.36",Con_Synth,congruent,0,28-09-22,28-09-22,11:41:14,0,0,0,0,0,751,3.6.1,doll,233,803,733,900,1440,30,900,30,0,0,1440,short,MacIntel,DOLL,8260478,8260562,8260528
Mozilla,Netscape,"5.0 (Macintosh; Intel Mac OS X 10_15_7) AppleWebKit/537.36 (KHTML, like Gecko) Chrome/105.0.0.0 Safari/537.36",Inc_Synth_Nat,incongruent,1,28-09-22,28-09-22,11:41:14,0,0,0,0,0,751,3.6.1,spade,233,803,698,900,1440,30,900,30,0,0,1440,short,MacIntel,LLAMA,8261911,8261995,8261946
Mozilla,Netscape,"5.0 (Macintosh; Intel Mac OS X 10_15_7) AppleWebKit/537.36 (KHTML, like Gecko) Chrome/105.0.0.0 Safari/537.36",Inc_Nat_Synth,incongruent,0,28-09-22,28-09-22,11:41:14,0,0,0,0,0,751,3.6.1,toad,233,803,690,900,1440,30,900,30,0,0,1440,short,MacIntel,GLOVE,8263295,8263362,8263328
Mozilla,Netscape,"5.0 (Macintosh; Intel Mac OS X 10_15_7) AppleWebKit/537.36 (KHTML, like Gecko) Chrome/105.0.0.0 Safari/537.36",Con_Nat,congruent,1,28-09-22,28-09-22,11:41:14,0,0,0,0,0,751,3.6.1,seed,233,803,1264,900,1440,30,900,30,0,0,1440,short,MacIntel,SEED,8264662,8264744,8264711
Mozilla,Netscape,"5.0 (Macintosh; Intel Mac OS X 10_15_7) AppleWebKit/537.36 (KHTML, like Gecko) Chrome/105.0.0.0 Safari/537.36",Inc_Nat_Synth,incongruent,1,28-09-22,28-09-22,11:41:14,0,0,0,0,0,751,3.6.1,poppy,233,803,1109,900,1440,30,900,30,0,0,1440,short,MacIntel,CLOTH,8266595,8266679,8266628
Mozilla,Netscape,"5.0 (Macintosh; Intel Mac OS X 10_15_7) AppleWebKit/537.36 (KHTML, like Gecko) Chrome/105.0.0.0 Safari/537.36",Con_Synth,congruent,1,28-09-22,28-09-22,11:41:14,0,0,0,0,0,751,3.6.1,coat,233,803,1128,900,1440,30,900,30,0,0,1440,short,MacIntel,COAT,8268395,8268479,8268429
Mozilla,Netscape,"5.0 (Macintosh; Intel Mac OS X 10_15_7) AppleWebKit/537.36 (KHTML, like Gecko) Chrome/105.0.0.0 Safari/537.36",Inc_Synth_Nat,incongruent,1,28-09-22,28-09-22,11:41:14,0,0,0,0,0,751,3.6.1,torch,233,803,992,900,1440,30,900,30,0,0,1440,short,MacIntel,CHIMP,8270211,8270295,8270246
Mozilla,Netscape,"5.0 (Macintosh; Intel Mac OS X 10_15_7) AppleWebKit/537.36 (KHTML, like Gecko) Chrome/105.0.0.0 Safari/537.36",Inc_Synth_Nat,incongruent,1,28-09-22,28-09-22,11:41:14,0,0,0,0,0,751,3.6.1,ruler,233,803,843,900,1440,30,900,30,0,0,1440,short,MacIntel,PANSY,8271879,8271978,8271929
Mozilla,Netscape,"5.0 (Macintosh; Intel Mac OS X 10_15_7) AppleWebKit/537.36 (KHTML, like Gecko) Chrome/105.0.0.0 Safari/537.36",Inc_Synth_Nat,incongruent,1,28-09-22,28-09-22,11:41:14,0,0,0,0,0,751,3.6.1,sewer,233,803,891,900,1440,30,900,30,0,0,1440,short,MacIntel,CORAL,8273411,8273479,8273445
Mozilla,Netscape,"5.0 (Macintosh; Intel Mac OS X 10_15_7) AppleWebKit/537.36 (KHTML, like Gecko) Chrome/105.0.0.0 Safari/537.36",Con_Nat,congruent,1,28-09-22,28-09-22,11:41:14,0,0,0,0,0,751,3.6.1,hawk,233,803,1021,900,1440,30,900,30,0,0,1440,short,MacIntel,HAWK,8274978,8275061,8275027
Mozilla,Netscape,"5.0 (Macintosh; Intel Mac OS X 10_15_7) AppleWebKit/537.36 (KHTML, like Gecko) Chrome/105.0.0.0 Safari/537.36",Con_Synth,congruent,1,28-09-22,28-09-22,11:41:14,0,0,0,0,0,751,3.6.1,cable,233,803,887,900,1440,30,900,30,0,0,1440,short,MacIntel,CABLE,8276678,8276746,8276712
Mozilla,Netscape,"5.0 (Macintosh; Intel Mac OS X 10_15_7) AppleWebKit/537.36 (KHTML, like Gecko) Chrome/105.0.0.0 Safari/537.36",Con_Nat,congruent,1,28-09-22,28-09-22,11:41:14,0,0,0,0,0,751,3.6.1,deer,233,803,976,900,1440,30,900,30,0,0,1440,short,MacIntel,DEER,8278245,8278329,8278279
Mozilla,Netscape,"5.0 (Macintosh; Intel Mac OS X 10_15_7) AppleWebKit/537.36 (KHTML, like Gecko) Chrome/105.0.0.0 Safari/537.36",Con_Synth,congruent,1,28-09-22,28-09-22,11:41:14,0,0,0,0,0,751,3.6.1,rope,233,803,845,900,1440,30,900,30,0,0,1440,short,MacIntel,ROPE,8279912,8280011,8279962
Mozilla,Netscape,"5.0 (Macintosh; Intel Mac OS X 10_15_7) AppleWebKit/537.36 (KHTML, like Gecko) Chrome/105.0.0.0 Safari/537.36",Con_Synth,congruent,1,28-09-22,28-09-22,11:41:14,0,0,0,0,0,751,3.6.1,bread,233,803,1182,900,1440,30,900,30,0,0,1440,short,MacIntel,BREAD,8281445,8281528,8281479
Mozilla,Netscape,"5.0 (Macintosh; Intel Mac OS X 10_15_7) AppleWebKit/537.36 (KHTML, like Gecko) Chrome/105.0.0.0 Safari/537.36",Inc_Synth_Nat,incongruent,1,28-09-22,28-09-22,11:41:14,0,0,0,0,0,751,3.6.1,arena,233,803,1028,900,1440,30,900,30,0,0,1440,short,MacIntel,VINE,8283295,8283379,8283329
Mozilla,Netscape,"5.0 (Macintosh; Intel Mac OS X 10_15_7) AppleWebKit/537.36 (KHTML, like Gecko) Chrome/105.0.0.0 Safari/537.36",Inc_Nat_Synth,incongruent,1,28-09-22,28-09-22,11:41:14,0,0,0,0,0,751,3.6.1,water,233,803,836,900,1440,30,900,30,0,0,1440,short,MacIntel,MEDAL,8285012,8285096,8285062
Mozilla,Netscape,"5.0 (Macintosh; Intel Mac OS X 10_15_7) AppleWebKit/537.36 (KHTML, like Gecko) Chrome/105.0.0.0 Safari/537.36",Inc_Nat_Synth,incongruent,1,28-09-22,28-09-22,11:41:14,0,0,0,0,0,751,3.6.1,peach,233,803,873,900,1440,30,900,30,0,0,1440,short,MacIntel,SHED,8286545,8286646,8286596
Mozilla,Netscape,"5.0 (Macintosh; Intel Mac OS X 10_15_7) AppleWebKit/537.36 (KHTML, like Gecko) Chrome/105.0.0.0 Safari/537.36",Inc_Synth_Nat,incongruent,1,28-09-22,28-09-22,11:41:14,0,0,0,0,0,751,3.6.1,rake,233,803,872,900,1440,30,900,30,0,0,1440,short,MacIntel,HUSKY,8288129,8288228,8288179
Mozilla,Netscape,"5.0 (Macintosh; Intel Mac OS X 10_15_7) AppleWebKit/537.36 (KHTML, like Gecko) Chrome/105.0.0.0 Safari/537.36",Inc_Nat_Synth,incongruent,1,28-09-22,28-09-22,11:41:14,0,0,0,0,0,751,3.6.1,grape,233,803,924,900,1440,30,900,30,0,0,1440,short,MacIntel,SHELF,8289695,8289779,8289729
Mozilla,Netscape,"5.0 (Macintosh; Intel Mac OS X 10_15_7) AppleWebKit/537.36 (KHTML, like Gecko) Chrome/105.0.0.0 Safari/537.36",Inc_Nat_Synth,incongruent,1,28-09-22,28-09-22,11:41:14,0,0,0,0,0,751,3.6.1,finch,233,803,781,900,1440,30,900,30,0,0,1440,short,MacIntel,SPOON,8291296,8291396,8291345
Mozilla,Netscape,"5.0 (Macintosh; Intel Mac OS X 10_15_7) AppleWebKit/537.36 (KHTML, like Gecko) Chrome/105.0.0.0 Safari/537.36",Inc_Nat_Synth,incongruent,1,28-09-22,28-09-22,11:41:14,0,0,0,0,0,751,3.6.1,bunny,233,803,695,900,1440,30,900,30,0,0,1440,long,MacIntel,PIANO,8291296,8319346,8319312
Mozilla,Netscape,"5.0 (Macintosh; Intel Mac OS X 10_15_7) AppleWebKit/537.36 (KHTML, like Gecko) Chrome/105.0.0.0 Safari/537.36",Con_Synth,congruent,1,28-09-22,28-09-22,11:41:14,0,0,0,0,0,751,3.6.1,tongs,233,803,836,900,1440,30,900,30,0,0,1440,long,MacIntel,TONGS,8291296,8320762,8320728
Mozilla,Netscape,"5.0 (Macintosh; Intel Mac OS X 10_15_7) AppleWebKit/537.36 (KHTML, like Gecko) Chrome/105.0.0.0 Safari/537.36",Inc_Nat_Synth,incongruent,1,28-09-22,28-09-22,11:41:14,0,0,0,0,0,751,3.6.1,swamp,233,803,710,900,1440,30,900,30,0,0,1440,long,MacIntel,DRILL,8291296,8322329,8322295
Mozilla,Netscape,"5.0 (Macintosh; Intel Mac OS X 10_15_7) AppleWebKit/537.36 (KHTML, like Gecko) Chrome/105.0.0.0 Safari/537.36",Inc_Nat_Synth,incongruent,1,28-09-22,28-09-22,11:41:14,0,0,0,0,0,751,3.6.1,moose,233,803,873,900,1440,30,900,30,0,0,1440,long,MacIntel,PORCH,8291296,8323762,8323729
Mozilla,Netscape,"5.0 (Macintosh; Intel Mac OS X 10_15_7) AppleWebKit/537.36 (KHTML, like Gecko) Chrome/105.0.0.0 Safari/537.36",Con_Nat,congruent,0,28-09-22,28-09-22,11:41:14,0,0,0,0,0,751,3.6.1,plum,233,803,827,900,1440,30,900,30,0,0,1440,long,MacIntel,PLUM,8291296,8325362,8325328
Mozilla,Netscape,"5.0 (Macintosh; Intel Mac OS X 10_15_7) AppleWebKit/537.36 (KHTML, like Gecko) Chrome/105.0.0.0 Safari/537.36",Inc_Nat_Synth,incongruent,1,28-09-22,28-09-22,11:41:14,0,0,0,0,0,751,3.6.1,fruit,233,803,603,900,1440,30,900,30,0,0,1440,long,MacIntel,PLATE,8291296,8326913,8326878
Mozilla,Netscape,"5.0 (Macintosh; Intel Mac OS X 10_15_7) AppleWebKit/537.36 (KHTML, like Gecko) Chrome/105.0.0.0 Safari/537.36",Inc_Nat_Synth,incongruent,1,28-09-22,28-09-22,11:41:14,0,0,0,0,0,751,3.6.1,shell,233,803,647,900,1440,30,900,30,0,0,1440,long,MacIntel,CHAIN,8291296,8328246,8328212
Mozilla,Netscape,"5.0 (Macintosh; Intel Mac OS X 10_15_7) AppleWebKit/537.36 (KHTML, like Gecko) Chrome/105.0.0.0 Safari/537.36",Inc_Synth_Nat,incongruent,1,28-09-22,28-09-22,11:41:14,0,0,0,0,0,751,3.6.1,roof,233,803,728,900,1440,30,900,30,0,0,1440,long,MacIntel,ROSE,8291296,8329629,8329579
Mozilla,Netscape,"5.0 (Macintosh; Intel Mac OS X 10_15_7) AppleWebKit/537.36 (KHTML, like Gecko) Chrome/105.0.0.0 Safari/537.36",Inc_Nat_Synth,incongruent,1,28-09-22,28-09-22,11:41:14,0,0,0,0,0,751,3.6.1,shark,233,803,688,900,1440,30,900,30,0,0,1440,long,MacIntel,COUCH,8291296,8331079,8331045
Mozilla,Netscape,"5.0 (Macintosh; Intel Mac OS X 10_15_7) AppleWebKit/537.36 (KHTML, like Gecko) Chrome/105.0.0.0 Safari/537.36",Inc_Nat_Synth,incongruent,1,28-09-22,28-09-22,11:41:14,0,0,0,0,0,751,3.6.1,sheep,233,803,661,900,1440,30,900,30,0,0,1440,long,MacIntel,TRASH,8291296,8332496,8332446
Mozilla,Netscape,"5.0 (Macintosh; Intel Mac OS X 10_15_7) AppleWebKit/537.36 (KHTML, like Gecko) Chrome/105.0.0.0 Safari/537.36",Con_Synth,congruent,1,28-09-22,28-09-22,11:41:14,0,0,0,0,0,751,3.6.1,canoe,233,803,813,900,1440,30,900,30,0,0,1440,long,MacIntel,CANOE,8291296,8333895,8333846
Mozilla,Netscape,"5.0 (Macintosh; Intel Mac OS X 10_15_7) AppleWebKit/537.36 (KHTML, like Gecko) Chrome/105.0.0.0 Safari/537.36",Inc_Nat_Synth,incongruent,1,28-09-22,28-09-22,11:41:14,0,0,0,0,0,751,3.6.1,wheat,233,803,647,900,1440,30,900,30,0,0,1440,long,MacIntel,BRICK,8291296,8335412,8335378
Mozilla,Netscape,"5.0 (Macintosh; Intel Mac OS X 10_15_7) AppleWebKit/537.36 (KHTML, like Gecko) Chrome/105.0.0.0 Safari/537.36",Con_Synth,congruent,1,28-09-22,28-09-22,11:41:14,0,0,0,0,0,751,3.6.1,jeans,233,803,630,900,1440,30,900,30,0,0,1440,long,MacIntel,JEANS,8291296,8336762,8336728
Mozilla,Netscape,"5.0 (Macintosh; Intel Mac OS X 10_15_7) AppleWebKit/537.36 (KHTML, like Gecko) Chrome/105.0.0.0 Safari/537.36",Inc_Synth_Nat,incongruent,1,28-09-22,28-09-22,11:41:14,0,0,0,0,0,751,3.6.1,bowl,233,803,695,900,1440,30,900,30,0,0,1440,long,MacIntel,WOLF,8291296,8338113,8338079
Mozilla,Netscape,"5.0 (Macintosh; Intel Mac OS X 10_15_7) AppleWebKit/537.36 (KHTML, like Gecko) Chrome/105.0.0.0 Safari/537.36",Inc_Nat_Synth,incongruent,1,28-09-22,28-09-22,11:41:14,0,0,0,0,0,751,3.6.1,storm,233,803,672,900,1440,30,900,30,0,0,1440,long,MacIntel,CANDY,8291296,8339529,8339495
Mozilla,Netscape,"5.0 (Macintosh; Intel Mac OS X 10_15_7) AppleWebKit/537.36 (KHTML, like Gecko) Chrome/105.0.0.0 Safari/537.36",Con_Synth,congruent,1,28-09-22,28-09-22,11:41:14,0,0,0,0,0,751,3.6.1,stair,233,803,724,900,1440,30,900,30,0,0,1440,long,MacIntel,STAIR,8291296,8340913,8340879
Mozilla,Netscape,"5.0 (Macintosh; Intel Mac OS X 10_15_7) AppleWebKit/537.36 (KHTML, like Gecko) Chrome/105.0.0.0 Safari/537.36",Con_Synth,congruent,1,28-09-22,28-09-22,11:41:14,0,0,0,0,0,751,3.6.1,scarf,233,803,605,900,1440,30,900,30,0,0,1440,long,MacIntel,SCARF,8291296,8342379,8342329
Mozilla,Netscape,"5.0 (Macintosh; Intel Mac OS X 10_15_7) AppleWebKit/537.36 (KHTML, like Gecko) Chrome/105.0.0.0 Safari/537.36",Inc_Synth_Nat,incongruent,1,28-09-22,28-09-22,11:41:14,0,0,0,0,0,751,3.6.1,sink,233,803,614,900,1440,30,900,30,0,0,1440,long,MacIntel,LAMB,8291296,8343696,8343662
Mozilla,Netscape,"5.0 (Macintosh; Intel Mac OS X 10_15_7) AppleWebKit/537.36 (KHTML, like Gecko) Chrome/105.0.0.0 Safari/537.36",Inc_Nat_Synth,incongruent,1,28-09-22,28-09-22,11:41:14,0,0,0,0,0,751,3.6.1,flood,233,803,902,900,1440,30,900,30,0,0,1440,long,MacIntel,SKIRT,8291296,8345045,8344996
Mozilla,Netscape,"5.0 (Macintosh; Intel Mac OS X 10_15_7) AppleWebKit/537.36 (KHTML, like Gecko) Chrome/105.0.0.0 Safari/537.36",Inc_Synth_Nat,incongruent,1,28-09-22,28-09-22,11:41:14,0,0,0,0,0,751,3.6.1,deck,233,803,713,900,1440,30,900,30,0,0,1440,long,MacIntel,DUCK,8291296,8346663,8346629
Mozilla,Netscape,"5.0 (Macintosh; Intel Mac OS X 10_15_7) AppleWebKit/537.36 (KHTML, like Gecko) Chrome/105.0.0.0 Safari/537.36",Con_Synth,congruent,1,28-09-22,28-09-22,11:41:14,0,0,0,0,0,751,3.6.1,flute,233,803,774,900,1440,30,900,30,0,0,1440,long,MacIntel,FLUTE,8291296,8348096,8348062
Mozilla,Netscape,"5.0 (Macintosh; Intel Mac OS X 10_15_7) AppleWebKit/537.36 (KHTML, like Gecko) Chrome/105.0.0.0 Safari/537.36",Con_Synth,congruent,1,28-09-22,28-09-22,11:41:14,0,0,0,0,0,751,3.6.1,arrow,233,803,777,900,1440,30,900,30,0,0,1440,long,MacIntel,ARROW,8291296,8349613,8349562
Mozilla,Netscape,"5.0 (Macintosh; Intel Mac OS X 10_15_7) AppleWebKit/537.36 (KHTML, like Gecko) Chrome/105.0.0.0 Safari/537.36",Con_Nat,congruent,1,28-09-22,28-09-22,11:41:14,0,0,0,0,0,751,3.6.1,reef,233,803,831,900,1440,30,900,30,0,0,1440,long,MacIntel,REEF,8291296,8351129,8351079
Mozilla,Netscape,"5.0 (Macintosh; Intel Mac OS X 10_15_7) AppleWebKit/537.36 (KHTML, like Gecko) Chrome/105.0.0.0 Safari/537.36",Inc_Synth_Nat,incongruent,1,28-09-22,28-09-22,11:41:14,0,0,0,0,0,751,3.6.1,shoe,233,803,713,900,1440,30,900,30,0,0,1440,long,MacIntel,HILL,8291296,8352695,8352646
Mozilla,Netscape,"5.0 (Macintosh; Intel Mac OS X 10_15_7) AppleWebKit/537.36 (KHTML, like Gecko) Chrome/105.0.0.0 Safari/537.36",Con_Nat,congruent,1,28-09-22,28-09-22,11:41:14,0,0,0,0,0,751,3.6.1,clam,233,803,1068,900,1440,30,900,30,0,0,1440,long,MacIntel,CLAM,8291296,8354129,8354079
Mozilla,Netscape,"5.0 (Macintosh; Intel Mac OS X 10_15_7) AppleWebKit/537.36 (KHTML, like Gecko) Chrome/105.0.0.0 Safari/537.36",Con_Synth,congruent,1,28-09-22,28-09-22,11:41:14,0,0,0,0,0,751,3.6.1,broom,233,803,703,900,1440,30,900,30,0,0,1440,long,MacIntel,BROOM,8291296,8355929,8355895
Mozilla,Netscape,"5.0 (Macintosh; Intel Mac OS X 10_15_7) AppleWebKit/537.36 (KHTML, like Gecko) Chrome/105.0.0.0 Safari/537.36",Inc_Synth_Nat,incongruent,1,28-09-22,28-09-22,11:41:14,0,0,0,0,0,751,3.6.1,barn,233,803,853,900,1440,30,900,30,0,0,1440,long,MacIntel,TUNA,8291296,8357361,8357312
Mozilla,Netscape,"5.0 (Macintosh; Intel Mac OS X 10_15_7) AppleWebKit/537.36 (KHTML, like Gecko) Chrome/105.0.0.0 Safari/537.36",Con_Nat,congruent,1,28-09-22,28-09-22,11:41:14,0,0,0,0,0,751,3.6.1,moss,233,803,621,900,1440,30,900,30,0,0,1440,long,MacIntel,MOSS,8291296,8358945,8358896
Mozilla,Netscape,"5.0 (Macintosh; Intel Mac OS X 10_15_7) AppleWebKit/537.36 (KHTML, like Gecko) Chrome/105.0.0.0 Safari/537.36",Inc_Synth_Nat,incongruent,1,28-09-22,28-09-22,11:41:14,0,0,0,0,0,751,3.6.1,fort,233,803,859,900,1440,30,900,30,0,0,1440,long,MacIntel,GOAT,8291296,8360296,8360262
Mozilla,Netscape,"5.0 (Macintosh; Intel Mac OS X 10_15_7) AppleWebKit/537.36 (KHTML, like Gecko) Chrome/105.0.0.0 Safari/537.36",Inc_Nat_Synth,incongruent,1,28-09-22,28-09-22,11:41:14,0,0,0,0,0,751,3.6.1,cloud,233,803,628,900,1440,30,900,30,0,0,1440,long,MacIntel,MOTEL,8291296,8361879,8361846
Mozilla,Netscape,"5.0 (Macintosh; Intel Mac OS X 10_15_7) AppleWebKit/537.36 (KHTML, like Gecko) Chrome/105.0.0.0 Safari/537.36",Inc_Nat_Synth,incongruent,0,28-09-22,28-09-22,11:41:14,0,0,0,0,0,751,3.6.1,ocean,233,803,669,900,1440,30,900,30,0,0,1440,long,MacIntel,WHEEL,8291296,8363213,8363179
Mozilla,Netscape,"5.0 (Macintosh; Intel Mac OS X 10_15_7) AppleWebKit/537.36 (KHTML, like Gecko) Chrome/105.0.0.0 Safari/537.36",Con_Nat,congruent,1,28-09-22,28-09-22,11:41:14,0,0,0,0,0,751,3.6.1,stick,233,803,716,900,1440,30,900,30,0,0,1440,long,MacIntel,STICK,8291296,8364613,8364579
Mozilla,Netscape,"5.0 (Macintosh; Intel Mac OS X 10_15_7) AppleWebKit/537.36 (KHTML, like Gecko) Chrome/105.0.0.0 Safari/537.36",Inc_Synth_Nat,incongruent,1,28-09-22,28-09-22,11:41:14,0,0,0,0,0,751,3.6.1,mall,233,803,756,900,1440,30,900,30,0,0,1440,long,MacIntel,BUSH,8291296,8366062,8366013
Mozilla,Netscape,"5.0 (Macintosh; Intel Mac OS X 10_15_7) AppleWebKit/537.36 (KHTML, like Gecko) Chrome/105.0.0.0 Safari/537.36",Inc_Synth_Nat,incongruent,1,28-09-22,28-09-22,11:41:14,0,0,0,0,0,751,3.6.1,pipe,233,803,720,900,1440,30,900,30,0,0,1440,long,MacIntel,LION,8291296,8367562,8367513
Mozilla,Netscape,"5.0 (Macintosh; Intel Mac OS X 10_15_7) AppleWebKit/537.36 (KHTML, like Gecko) Chrome/105.0.0.0 Safari/537.36",Inc_Synth_Nat,incongruent,1,28-09-22,28-09-22,11:41:14,0,0,0,0,0,751,3.6.1,cake,233,803,830,900,1440,30,900,30,0,0,1440,long,MacIntel,LAND,8291296,8369012,8368962
Mozilla,Netscape,"5.0 (Macintosh; Intel Mac OS X 10_15_7) AppleWebKit/537.36 (KHTML, like Gecko) Chrome/105.0.0.0 Safari/537.36",Con_Nat,congruent,1,28-09-22,28-09-22,11:41:14,0,0,0,0,0,751,3.6.1,stone,233,803,694,900,1440,30,900,30,0,0,1440,long,MacIntel,STONE,8291296,8370580,8370529
Mozilla,Netscape,"5.0 (Macintosh; Intel Mac OS X 10_15_7) AppleWebKit/537.36 (KHTML, like Gecko) Chrome/105.0.0.0 Safari/537.36",Con_Nat,congruent,1,28-09-22,28-09-22,11:41:14,0,0,0,0,0,751,3.6.1,peas,233,803,655,900,1440,30,900,30,0,0,1440,long,MacIntel,PEAS,8291296,8372013,8371963
Mozilla,Netscape,"5.0 (Macintosh; Intel Mac OS X 10_15_7) AppleWebKit/537.36 (KHTML, like Gecko) Chrome/105.0.0.0 Safari/537.36",Inc_Synth_Nat,incongruent,1,28-09-22,28-09-22,11:41:14,0,0,0,0,0,751,3.6.1,taxi,233,803,720,900,1440,30,900,30,0,0,1440,long,MacIntel,DIRT,8291296,8373396,8373362
Mozilla,Netscape,"5.0 (Macintosh; Intel Mac OS X 10_15_7) AppleWebKit/537.36 (KHTML, like Gecko) Chrome/105.0.0.0 Safari/537.36",Con_Nat,congruent,1,28-09-22,28-09-22,11:41:14,0,0,0,0,0,751,3.6.1,pear,233,803,949,900,1440,30,900,30,0,0,1440,long,MacIntel,PEAR,8291296,8374829,8374795
Mozilla,Netscape,"5.0 (Macintosh; Intel Mac OS X 10_15_7) AppleWebKit/537.36 (KHTML, like Gecko) Chrome/105.0.0.0 Safari/537.36",Inc_Synth_Nat,incongruent,1,28-09-22,28-09-22,11:41:14,0,0,0,0,0,751,3.6.1,soap,233,803,826,900,1440,30,900,30,0,0,1440,long,MacIntel,PONY,8291296,8376513,8376479
Mozilla,Netscape,"5.0 (Macintosh; Intel Mac OS X 10_15_7) AppleWebKit/537.36 (KHTML, like Gecko) Chrome/105.0.0.0 Safari/537.36",Inc_Synth_Nat,incongruent,1,28-09-22,28-09-22,11:41:14,0,0,0,0,0,751,3.6.1,wire,233,803,676,900,1440,30,900,30,0,0,1440,long,MacIntel,BULL,8291296,8378063,8378028
Mozilla,Netscape,"5.0 (Macintosh; Intel Mac OS X 10_15_7) AppleWebKit/537.36 (KHTML, like Gecko) Chrome/105.0.0.0 Safari/537.36",Con_Nat,congruent,1,28-09-22,28-09-22,11:41:14,0,0,0,0,0,751,3.6.1,slug,233,803,805,900,1440,30,900,30,0,0,1440,long,MacIntel,SLUG,8291296,8379463,8379429
Mozilla,Netscape,"5.0 (Macintosh; Intel Mac OS X 10_15_7) AppleWebKit/537.36 (KHTML, like Gecko) Chrome/105.0.0.0 Safari/537.36",Con_Synth,congruent,1,28-09-22,28-09-22,11:41:14,0,0,0,0,0,751,3.6.1,crate,233,803,1103,900,1440,30,900,30,0,0,1440,long,MacIntel,CRATE,8291296,8381013,8380963
Mozilla,Netscape,"5.0 (Macintosh; Intel Mac OS X 10_15_7) AppleWebKit/537.36 (KHTML, like Gecko) Chrome/105.0.0.0 Safari/537.36",Con_Nat,congruent,1,28-09-22,28-09-22,11:41:14,0,0,0,0,0,751,3.6.1,boar,233,803,824,900,1440,30,900,30,0,0,1440,long,MacIntel,BOAR,8291296,8382863,8382813
Mozilla,Netscape,"5.0 (Macintosh; Intel Mac OS X 10_15_7) AppleWebKit/537.36 (KHTML, like Gecko) Chrome/105.0.0.0 Safari/537.36",Inc_Nat_Synth,incongruent,1,28-09-22,28-09-22,11:41:14,0,0,0,0,0,751,3.6.1,lemon,233,803,788,900,1440,30,900,30,0,0,1440,long,MacIntel,CABIN,8291296,8384413,8384363
Mozilla,Netscape,"5.0 (Macintosh; Intel Mac OS X 10_15_7) AppleWebKit/537.36 (KHTML, like Gecko) Chrome/105.0.0.0 Safari/537.36",Con_Nat,congruent,1,28-09-22,28-09-22,11:41:14,0,0,0,0,0,751,3.6.1,swan,233,803,766,900,1440,30,900,30,0,0,1440,long,MacIntel,SWAN,8291296,8385930,8385895
Mozilla,Netscape,"5.0 (Macintosh; Intel Mac OS X 10_15_7) AppleWebKit/537.36 (KHTML, like Gecko) Chrome/105.0.0.0 Safari/537.36",Con_Synth,congruent,1,28-09-22,28-09-22,11:41:14,0,0,0,0,0,751,3.6.1,ferry,233,803,733,900,1440,30,900,30,0,0,1440,long,MacIntel,FERRY,8291296,8387429,8387380
Mozilla,Netscape,"5.0 (Macintosh; Intel Mac OS X 10_15_7) AppleWebKit/537.36 (KHTML, like Gecko) Chrome/105.0.0.0 Safari/537.36",Con_Nat,congruent,1,28-09-22,28-09-22,11:41:14,0,0,0,0,0,751,3.6.1,wasp,233,803,837,900,1440,30,900,30,0,0,1440,long,MacIntel,WASP,8291296,8388879,8388829
Mozilla,Netscape,"5.0 (Macintosh; Intel Mac OS X 10_15_7) AppleWebKit/537.36 (KHTML, like Gecko) Chrome/105.0.0.0 Safari/537.36",Inc_Synth_Nat,incongruent,1,28-09-22,28-09-22,11:41:14,0,0,0,0,0,751,3.6.1,bell,233,803,769,900,1440,30,900,30,0,0,1440,long,MacIntel,BEAR,8291296,8390429,8390395
Mozilla,Netscape,"5.0 (Macintosh; Intel Mac OS X 10_15_7) AppleWebKit/537.36 (KHTML, like Gecko) Chrome/105.0.0.0 Safari/537.36",Con_Synth,congruent,1,28-09-22,28-09-22,11:41:14,0,0,0,0,0,751,3.6.1,stove,233,803,678,900,1440,30,900,30,0,0,1440,long,MacIntel,STOVE,8291296,8391930,8391895
Mozilla,Netscape,"5.0 (Macintosh; Intel Mac OS X 10_15_7) AppleWebKit/537.36 (KHTML, like Gecko) Chrome/105.0.0.0 Safari/537.36",Inc_Synth_Nat,incongruent,1,28-09-22,28-09-22,11:41:14,0,0,0,0,0,751,3.6.1,desk,233,803,681,900,1440,30,900,30,0,0,1440,long,MacIntel,TREE,8291296,8393329,8393295
Mozilla,Netscape,"5.0 (Macintosh; Intel Mac OS X 10_15_7) AppleWebKit/537.36 (KHTML, like Gecko) Chrome/105.0.0.0 Safari/537.36",Con_Synth,congruent,1,28-09-22,28-09-22,11:41:14,0,0,0,0,0,751,3.6.1,canon,233,803,715,900,1440,30,900,30,0,0,1440,long,MacIntel,CANON,8291296,8394745,8394696
Mozilla,Netscape,"5.0 (Macintosh; Intel Mac OS X 10_15_7) AppleWebKit/537.36 (KHTML, like Gecko) Chrome/105.0.0.0 Safari/537.36",Con_Synth,congruent,1,28-09-22,28-09-22,11:41:14,0,0,0,0,0,751,3.6.1,apron,233,803,888,900,1440,30,900,30,0,0,1440,long,MacIntel,APRON,8291296,8396184,8396129
Mozilla,Netscape,"5.0 (Macintosh; Intel Mac OS X 10_15_7) AppleWebKit/537.36 (KHTML, like Gecko) Chrome/105.0.0.0 Safari/537.36",Con_Synth,congruent,1,28-09-22,28-09-22,11:41:14,0,0,0,0,0,751,3.6.1,linen,233,803,989,900,1440,30,900,30,0,0,1440,long,MacIntel,LINEN,8291296,8397796,8397762
Mozilla,Netscape,"5.0 (Macintosh; Intel Mac OS X 10_15_7) AppleWebKit/537.36 (KHTML, like Gecko) Chrome/105.0.0.0 Safari/537.36",Con_Nat,congruent,1,28-09-22,28-09-22,11:41:14,0,0,0,0,0,751,3.6.1,crab,233,803,780,900,1440,30,900,30,0,0,1440,long,MacIntel,CRAB,8291296,8399513,8399479
Mozilla,Netscape,"5.0 (Macintosh; Intel Mac OS X 10_15_7) AppleWebKit/537.36 (KHTML, like Gecko) Chrome/105.0.0.0 Safari/537.36",Inc_Nat_Synth,incongruent,1,28-09-22,28-09-22,11:41:14,0,0,0,0,0,751,3.6.1,olive,233,803,820,900,1440,30,900,30,0,0,1440,long,MacIntel,MOTOR,8291296,8401013,8400979
Mozilla,Netscape,"5.0 (Macintosh; Intel Mac OS X 10_15_7) AppleWebKit/537.36 (KHTML, like Gecko) Chrome/105.0.0.0 Safari/537.36",Con_Nat,congruent,1,28-09-22,28-09-22,11:41:14,0,0,0,0,0,751,3.6.1,earth,233,803,881,900,1440,30,900,30,0,0,1440,long,MacIntel,EARTH,8291296,8402563,8402529
Mozilla,Netscape,"5.0 (Macintosh; Intel Mac OS X 10_15_7) AppleWebKit/537.36 (KHTML, like Gecko) Chrome/105.0.0.0 Safari/537.36",Inc_Nat_Synth,incongruent,1,28-09-22,28-09-22,11:41:14,0,0,0,0,0,751,3.6.1,eagle,233,803,796,900,1440,30,900,30,0,0,1440,long,MacIntel,WAGON,8291296,8404163,8404129
Mozilla,Netscape,"5.0 (Macintosh; Intel Mac OS X 10_15_7) AppleWebKit/537.36 (KHTML, like Gecko) Chrome/105.0.0.0 Safari/537.36",Con_Nat,congruent,1,28-09-22,28-09-22,11:41:14,0,0,0,0,0,751,3.6.1,hare,233,803,790,900,1440,30,900,30,0,0,1440,long,MacIntel,HARE,8291296,8405679,8405646
Mozilla,Netscape,"5.0 (Macintosh; Intel Mac OS X 10_15_7) AppleWebKit/537.36 (KHTML, like Gecko) Chrome/105.0.0.0 Safari/537.36",Con_Synth,congruent,1,28-09-22,28-09-22,11:41:14,0,0,0,0,0,751,3.6.1,flask,233,803,698,900,1440,30,900,30,0,0,1440,long,MacIntel,FLASK,8291296,8407212,8407163
Mozilla,Netscape,"5.0 (Macintosh; Intel Mac OS X 10_15_7) AppleWebKit/537.36 (KHTML, like Gecko) Chrome/106.0.0.0 Safari/537.36",practice,practice,1,28-09-22,28-09-22,11:39:56,0,0,0,0,0,750,3.6.1,abjdhjs,233,803,1628,900,1440,30,900,30,0,0,1440,practice,MacIntel,HORSE,40942,41027,40976
Mozilla,Netscape,"5.0 (Macintosh; Intel Mac OS X 10_15_7) AppleWebKit/537.36 (KHTML, like Gecko) Chrome/106.0.0.0 Safari/537.36",practice,practice,1,28-09-22,28-09-22,11:39:56,0,0,0,0,0,750,3.6.1,iweonf,233,803,1188,900,1440,30,900,30,0,0,1440,practice,MacIntel,BOAT,43276,43359,43310
Mozilla,Netscape,"5.0 (Macintosh; Intel Mac OS X 10_15_7) AppleWebKit/537.36 (KHTML, like Gecko) Chrome/106.0.0.0 Safari/537.36",practice,practice,1,28-09-22,28-09-22,11:39:56,0,0,0,0,0,750,3.6.1,nvoiuh,233,803,1212,900,1440,30,900,30,0,0,1440,practice,MacIntel,HOUSE,45143,45226,45192
Mozilla,Netscape,"5.0 (Macintosh; Intel Mac OS X 10_15_7) AppleWebKit/537.36 (KHTML, like Gecko) Chrome/106.0.0.0 Safari/537.36",practice,practice,1,28-09-22,28-09-22,11:39:56,0,0,0,0,0,750,3.6.1,snjghf,233,803,996,900,1440,30,900,30,0,0,1440,practice,MacIntel,SHEEP,47026,47126,47076
Mozilla,Netscape,"5.0 (Macintosh; Intel Mac OS X 10_15_7) AppleWebKit/537.36 (KHTML, like Gecko) Chrome/106.0.0.0 Safari/537.36",Con_Synth,congruent,1,28-09-22,28-09-22,11:39:56,0,0,0,0,0,750,3.6.1,paint,233,803,1573,900,1440,30,900,30,0,0,1440,short,MacIntel,PAINT,52026,52109,52060
Mozilla,Netscape,"5.0 (Macintosh; Intel Mac OS X 10_15_7) AppleWebKit/537.36 (KHTML, like Gecko) Chrome/106.0.0.0 Safari/537.36",Con_Nat,congruent,1,28-09-22,28-09-22,11:39:56,0,0,0,0,0,750,3.6.1,corn,233,803,955,900,1440,30,900,30,0,0,1440,short,MacIntel,CORN,54276,54359,54326
Mozilla,Netscape,"5.0 (Macintosh; Intel Mac OS X 10_15_7) AppleWebKit/537.36 (KHTML, like Gecko) Chrome/106.0.0.0 Safari/537.36",Con_Synth,congruent,1,28-09-22,28-09-22,11:39:56,0,0,0,0,0,750,3.6.1,rope,233,803,1359,900,1440,30,900,30,0,0,1440,short,MacIntel,ROPE,55927,56025,55976
Mozilla,Netscape,"5.0 (Macintosh; Intel Mac OS X 10_15_7) AppleWebKit/537.36 (KHTML, like Gecko) Chrome/106.0.0.0 Safari/537.36",Con_Nat,congruent,1,28-09-22,28-09-22,11:39:56,0,0,0,0,0,750,3.6.1,cave,233,803,973,900,1440,30,900,30,0,0,1440,short,MacIntel,CAVE,57976,58060,58010
Mozilla,Netscape,"5.0 (Macintosh; Intel Mac OS X 10_15_7) AppleWebKit/537.36 (KHTML, like Gecko) Chrome/106.0.0.0 Safari/537.36",Con_Synth,congruent,1,28-09-22,28-09-22,11:39:56,0,0,0,0,0,750,3.6.1,tank,233,803,1325,900,1440,30,900,30,0,0,1440,short,MacIntel,TANK,59643,59743,59693
Mozilla,Netscape,"5.0 (Macintosh; Intel Mac OS X 10_15_7) AppleWebKit/537.36 (KHTML, like Gecko) Chrome/106.0.0.0 Safari/537.36",Inc_Synth_Nat,incongruent,1,28-09-22,28-09-22,11:39:56,0,0,0,0,0,750,3.6.1,torch,233,803,1413,900,1440,30,900,30,0,0,1440,short,MacIntel,CHIMP,61676,61761,61726
Mozilla,Netscape,"5.0 (Macintosh; Intel Mac OS X 10_15_7) AppleWebKit/537.36 (KHTML, like Gecko) Chrome/106.0.0.0 Safari/537.36",Inc_Nat_Synth,incongruent,1,28-09-22,28-09-22,11:39:56,0,0,0,0,0,750,3.6.1,leaf,233,803,1144,900,1440,30,900,30,0,0,1440,short,MacIntel,COIN,63777,63878,63827
Mozilla,Netscape,"5.0 (Macintosh; Intel Mac OS X 10_15_7) AppleWebKit/537.36 (KHTML, like Gecko) Chrome/106.0.0.0 Safari/537.36",Inc_Nat_Synth,incongruent,1,28-09-22,28-09-22,11:39:56,0,0,0,0,0,750,3.6.1,poppy,233,803,1464,900,1440,30,900,30,0,0,1440,short,MacIntel,CLOTH,65626,65694,65660
Mozilla,Netscape,"5.0 (Macintosh; Intel Mac OS X 10_15_7) AppleWebKit/537.36 (KHTML, like Gecko) Chrome/106.0.0.0 Safari/537.36",Con_Synth,congruent,1,28-09-22,28-09-22,11:39:56,0,0,0,0,0,750,3.6.1,gate,233,803,1143,900,1440,30,900,30,0,0,1440,short,MacIntel,GATE,67760,67844,67810
Mozilla,Netscape,"5.0 (Macintosh; Intel Mac OS X 10_15_7) AppleWebKit/537.36 (KHTML, like Gecko) Chrome/106.0.0.0 Safari/537.36",Con_Synth,congruent,1,28-09-22,28-09-22,11:39:56,0,0,0,0,0,750,3.6.1,belt,233,803,878,900,1440,30,900,30,0,0,1440,short,MacIntel,BELT,69593,69677,69628
Mozilla,Netscape,"5.0 (Macintosh; Intel Mac OS X 10_15_7) AppleWebKit/537.36 (KHTML, like Gecko) Chrome/106.0.0.0 Safari/537.36",Inc_Nat_Synth,incongruent,1,28-09-22,28-09-22,11:39:56,0,0,0,0,0,750,3.6.1,fern,233,803,1373,900,1440,30,900,30,0,0,1440,short,MacIntel,CAFÉ,71160,71244,71209
